3676 5828
203 311 239 366 76
430 311 438 328 ‘
812 292 986 354 scfloLlA.
1013 291 1065 363 lv,
1081 300 1195 353 20-2a

198 433 308 499 ἐκείνους
322 430 380 498 τοὺς
399 430 459 511 περί
473 432 582 488 εὐτελῶν
601 427 646 487 καλ
661 426 771 509 μετρίων
791 430 877 495 αὐτοῖς
897 429 977 486 διενε-
1019 448 1095 500 μενα.
1108 461 1149 472 --
1166 427 1224 486 Οὐκ
1246 424 1379 505 ἀξιόλογα]
1393 427 1485 498 εύτελῆ
1501 425 1565 484 τινὰ
1589 427 1638 485 καί
1657 431 1761 510 ψυχρά,
1774 469 1809 479 -

197 521 314 600 χθέντας.
327 519 382 578 ἐίστι
393 517 420 577 δέ
431 517 593 584 ἀντίπτωσις·
609 516 664 575 ἀντί
676 513 726 597 γάρ
737 522 782 574 τοῦ
795 515 854 596 περὶ
866 514 977 596 μετρίων
1018 511 1233 593 Ἰσχυριζόμενοι]
1257 513 1447 594 ἐπερειδόμενοι
1471 513 1519 572 καί
1543 516 1582 580 ὡς
1611 516 1724 598 ἰσχυρὸν
1744 519 1808 579 πάνυ

198 608 285 690 εἴρηκε
297 607 330 666 τδι
348 607 451 688 μέτρια.
466 642 506 652 -
520 604 660 687 Πεφύκασί
673 601 749 687 τε...]
766 602 899 684 πεφύκασί
911 626 940 660 τε
954 604 977 661 οἱ
1017 601 1192 682 προτείνοντες
1205 605 1228 660 οί
1250 602 1387 674 Ἀθηναῖοι.
1408 638 1449 647 -
1462 601 1530 663 Ἐἀν
1552 602 1604 662 καὶ
1621 608 1712 664 ὁτιοῦν
1726 631 1808 689 παρα·

198 696 330 777 ἄνθρωποι
342 692 395 762 τοῖςΙ
405 692 453 772 μέν
469 694 637 772 εὐγνωμόνως
648 692 810 772 συνθεμένοις
823 691 977 768 μαλακῶτε-
1018 686 1098 768 ύαθῆ]
1112 688 1157 747 ἐάν
1176 687 1261 769 βραχὺ
1278 691 1399 767 ἀθετηθῆ.
1414 724 1455 735 -
1472 688 1527 750 Καὶ
1541 689 1669 769 ἀδίκημα
1686 695 1807 755 ἐπικαλέ-

171 803 184 843 ο
199 807 238 863 ραι
249 783 381 863 γίγνεσθαι
392 782 456 862 πρὸς
467 782 497 839 τδ
511 780 614 848 ἐκείνοις
628 780 795 853 σπένδεσθαι,
807 779 871 858 πρὸς
881 776 908 837 δέ
920 776 978 844 τοῦς
1018 777 1120 854 σαντες]
1134 776 1178 835 καὶ
1191 779 1359 854 ἐγκαλοῦντες
1368 779 1509 848 ἠδικῆσθαι
1523 776 1570 836 διδ
1585 778 1618 838 τδ
1630 779 1682 848 τάς
1696 789 1759 851 ναῦς
1771 784 1826 862 μῆς

197 870 405 948 ἐναντιουμένους
416 868 489 951 παρδι
499 868 650 949 προαίρεσιν
667 867 872 927 διακινδυνεύειν.
1018 863 1199 946 ἀπειληφέναι.
1213 900 1253 911 -
1267 864 1430 931 Ἀπελθόντες
1450 867 1475 932 ἐς
1497 864 1620 944 πόλεμον
1639 868 1806 954 καθίσταντο]

236 962 298 1019 XX.
320 958 399 1036 Ἡμῖν
415 955 442 1016 δέ
456 959 555 1028 καλῶς,
570 954 643 1036 εἴπερ
656 954 734 1026 ποτὲ,
754 953 854 1034 ἔχει...]
869 956 933 1030 ἡμῖν
950 948 978 1010 δέ
1018 950 1085 1029 μετδι
1100 952 1147 1023 τὴν
1164 952 1288 1033 ἀκρόασιν
1307 952 1354 1025 ιῆν
1368 956 1492 1012 ἐλθοῦσαν
1507 953 1563 1013 ἀπὸ
1587 959 1641 1014 τῶν
1655 957 1805 1040 Ἀθηναίων,

196 1048 284 1114 καλῶς
297 1045 368 1125 ἔχει,
384 1044 462 1126 φησί,
479 1047 510 1102 τδ
524 1045 697 1122 διαλλαγῆναι
712 1042 764 1122 πρὸ
775 1048 820 1101 τοῦ
835 1038 977 1113 ἀνήκεστόν
1018 1040 1237 1121 ἀναχωρήσαντες
1251 1039 1294 1099 ἐπί
1307 1040 1354 1112 τῆν
1370 1040 1508 1122 Σπάρτην,
1517 1045 1755 1124 παρεσκευάζοντο
1767 1053 1805 1111 ἐπὶ

196 1157 238 1206 τι,
263 1133 326 1213 παρ’
354 1137 530 1212 ὁποτερωνοῦν
553 1130 695 1210 γινόμενον,
714 1132 749 1196 εἷς
769 1128 886 1207 ἀνάγκην
908 1131 979 1203 ἡμᾶς
1018 1126 1061 1185 τδν
1081 1127 1206 1205 πόλεμον.
1221 1149 1296 1188 -ο,
1317 1128 1445 1199 Ἀθηναῖοι
1466 1127 1514 1206 μέν
1535 1131 1659 1211 δυοῖν...]
1677 1136 1737 1194 ἀντὶ
1750 1144 1804 1213 τοῦ,

160 1237 184 1278 ιο
197 1225 363 1292 καταστῆσαι
380 1219 463 1278 ἀϊδίου
483 1218 586 1299 ἔχθρας.
599 1218 629 1277 τδ
651 1218 677 1277 δὲ
699 1217 813 1299 πρδςτῇ
837 1219 909 1295 κοινῆ
933 1213 978 1272 καί
1018 1212 1158 1287 Ἀθηναίων
1173 1216 1220 1293 μέν
1238 1214 1283 1274 δύο
1296 1217 1386 1275 ναυσίν
1401 1214 1529 1284 ἐναντίαις
1545 1220 1833 1299 περιπλεύντεηςῆιιι

197 1308 264 1366 ἰδίαν
280 1307 347 1388 ἔχειν
364 1312 486 1366 τοιοῦτον·
509 1312 553 1363 νῦν
568 1305 615 1383 μὲν
629 1303 716 1376 κοινῆν
732 1303 827 1383 ἔχομεν
843 1303 977 1361 Πελοπον-
1018 1306 1105 1374 νῆσον.
1125 1303 1259 1377 τοῦτοδὲ,
1275 1302 1319 1361 ἰνα
1332 1301 1369 1382 μὴ
1384 1307 1411 1362 ἐν
1428 1307 1467 1384 τῷ
1484 1303 1560 1387 μέσῳ
1578 1306 1626 1365 διδ
1641 1307 1675 1367 τὸ

196 1394 280 1467 νῆσιοι
297 1394 392 1461 πάντες
408 1393 474 1474 πρὸς
491 1397 560 1472 ὑμᾶς
572 1393 677 1473 ἔχθραν·
696 1395 719 1450 εἰ
734 1392 761 1450 δέ
778 1389 815 1468 μὴ
833 1389 912 1459 είξετε
926 1389 979 1457 τοῖς
1020 1388 1083 1468 [μῆ]
1102 1390 1200 1451 ἐάσωσι
1214 1391 1274 1458 τοὺς
1285 1394 1312 1450 ἐν
1330 1395 1364 1472 τῆ
1379 1391 1537 1474 Σφακτηρίᾳ
1551 1392 1682 1461 ἐξελθεῖν.
1699 1433 1740 1444 -
1755 1401 1804 1462 Καὶ

196 1483 281 1562 λόγοις
308 1486 393 1558 ἡμῶν,
417 1482 462 1540 καλ
488 1482 539 1563 ἰδίφι
565 1478 769 1559 Λακεδαιμόνιοι
790 1478 877 1558 ἐχθροὶ
904 1481 977 1556 ὑμῶν
1018 1476 1161 1557 προςόολδς
1175 1476 1323 1557 ποιούμενοι
1336 1482 1375 1561 τῷ
1387 1478 1481 1559 τείχει]
1494 1479 1547 1539 ἀπὸ
1560 1489 1653 1542 κοινοῦ
1668 1484 1803 1554 τὸείςπύ-

197 1570 318 1647 ἐσόμεθα.
333 1605 374 1615 -
395 1559 459 1648 Ὧν]
479 1566 611 1627 τουτέστιν
632 1566 743 1647 εἰρήνης.
769 1602 809 1612 -
831 1586 853 1624 ν.
871 1563 935 1626 Ἔτι
956 1565 978 1623 δ’
1019 1567 1097 1641 λεμον
1107 1565 1271 1625 καθίσταντο.

159 1659 182 1700 ¹⁶
198 1657 279 1716 όντων
292 1657 452 1739 ἀκρίτων...]
466 1655 503 1715 έτι
518 1655 544 1715 δέ
560 1655 640 1714 ὁντων
662 1654 819 1735 ἀδιακρίτων
835 1653 880 1712 καὶ
897 1655 978 1733 ἀμφι·
1057 1656 1162 1715 XXIV.
1185 1674 1207 1714 ν.
1223 1652 1314 1725 Λύτοέ]
1330 1653 1355 1711 οἰ
1368 1652 1475 1735 Λοκροί.
1491 1689 1533 1701 -
1544 1675 1570 1717 ³.
1582 1657 1643 1728 Τὴν
1657 1661 1831 1741 νῆσον]τίμις

196 1741 281 1803 δόλων
290 1748 342 1804 τῶν
354 1742 518 1825 πραγμάτων
529 1745 580 1800 τῶν
590 1739 659 1800 κατὰ
670 1739 717 1811 τῆν
730 1740 911 1823 Σφακτηρίαν,
925 1740 978 1799 εἴτε
1019 1739 1199 1822 Σφακτηρίαν.
1214 1775 1253 1788 -
1266 1760 1289 1802 ι.
1306 1742 1339 1800 Εἰ
1353 1738 1403 1819 γδρ
1418 1740 1632 1821 κρατήσειαν]οί
1647 1749 1749 1828 Λοκροί
1759 1750 1803 1823 δη-

196 1830 347 1890 ὁλίσκονται
360 1834 385 1889 οί
410 1831 498 1911 ἀνδρες
516 1828 567 1887 εἴτε
588 1829 769 1910 διαφεύγουσι,
794 1828 839 1887 καὶ
853 1832 914 1907 ὑμῖν
930 1827 978 1905 μὲν
1018 1827 1114 1889 λονότι.
1125 1864 1166 1874 -
1179 1849 1200 1890 ο.
1215 1828 1249 1888 Ἡ
1264 1827 1360 1905 μεταξὺ
1375 1827 1483 1906 Ῥηγίου
1497 1829 1625 1891 θάλασσα
1637 1834 1688 1895 καί
1700 1837 1803 1910 Μεσαῆ-

196 1916 529 1999 δῶηςπροςγινομένηςκαί
539 1915 624 1999 φιλίας
633 1920 679 1986 τῆς
690 1914 844 1997 παρ’ῆμῶν,
852 1915 897 1976 ἐδιν
907 1939 979 1974 σπει·
1018 1915 1103 1993 νης]ἤ
1119 1918 1144 1982 ἐς
1157 1915 1187 1974 τό
1200 1915 1296 1993 μεταξὺ
1310 1914 1419 1994 Ῥηγίου
1430 1914 1475 1974 καί
1492 1918 1640 1994 Μεσσήνης
1653 1926 1803 2003 ποταμηδὸι

195 2006 301 2086 σώμεθα
310 2004 394 2087 ὥςπερ
404 2010 449 2063 νῦν
461 2003 564 2083 ἔχομεν,
575 2008 639 2081 ἡμῖν
651 2000 679 2062 δέ
690 2007 742 2070 τοῖς
754 2003 978 2081 Λακεδαιμονίοις,
1020 2002 1123 2084 ῥέουσα.
1135 2039 1175 2049 -—
1191 2000 1289 2086 Τοῦτο]
1309 2001 1340 2061 τδ
1354 2001 1431 2084 μέρος
1452 2007 1499 2076 τῆς
1518 2007 1672 2082 θαλάσσης.
1688 2045 1731 2057 -
1749 2015 1803 2075 Χ..

155 2108 182 2150 20
195 2093 256 2176 πρίν
269 2096 379 2176 αἰσχροῦ
396 2092 465 2160 τινδς
478 2096 647 2174 πειραθῆναι,
666 2090 733 2169 (ἀντὶ
746 2096 791 2149 τοῦ
807 2089 867 2171 πρὶν
879 2092 978 2149 ἁλῶναι
1017 2090 1098 2168 λεπῆ]
1111 2093 1147 2158 εἷς
1160 2090 1310 2150 τόπλεῦσαι
1324 2090 1451 2161 δηλονότι.
1811 2123 1831 2164 2

193 2181 253 2249 τοῦς
273 2183 386 2263 ἄνδρας]
408 2185 455 2253 τῆς
477 2188 612 2260 συμφορᾶς
630 2178 739 2259 μετρίοις
760 2178 977 2256 κατατιθεμένης,
1058 2180 1146 2239 XXV.
1168 2199 1189 2237 ι.
1209 2178 1281 2239 Μίαν
1301 2182 1364 2235 ναῦν
1383 2176 1570 2260 ἀπολέσαντες]
1585 2185 1611 2242 οἱ
1624 2183 1802 2267 ’Συρακόσιοι

194 2271 386 2348 διαλλαγῶμεν.
399 2304 439 2315 -
452 2266 488 2329 Οἳ
502 2267 547 2325 καὶ
563 2265 727 2346 ἐντούτῳ...]
741 2268 768 2325 ἐν
788 2267 858 2347 αύτῷ
876 2269 913 2346 τῷ
931 2288 978 2343 γε·
1019 2265 1146 2338 δηλονότι.
1163 2302 1203 2312 -
1215 2265 1270 2328 Καὶ
1282 2264 1327 2335 νδξ
1341 2264 1476 2343 ἐπεγίνετο
1488 2291 1514 2328 τ.
1531 2267 1568 2348 L]
1582 2270 1669 2350 ἤγουν
1683 2274 1802 2353 γενσμὲςη

69 2412 82 2439 .
193 2356 282 2416 νέσθαι
294 2357 413 2429 δηλονότι
424 2354 471 2428 τῆν
487 2354 602 2436 εἰρήνην,
616 2357 683 2431 ὑμᾶς
706 2359 838 2430 νομιοῦσιν
859 2353 979 2413 αἰτιωτέ-
1018 2351 1068 2435 γάρ
1080 2352 1125 2422 νύξ
1135 2354 1233 2434 ἐπέσχε
1246 2352 1276 2413 ιδ
1287 2352 1371 2435 ἔργον.
1383 2389 1424 2399 -
1435 2374 1457 2414 ν.
1469 2353 1526 2427 Τῆν
1539 2359 1704 2444 Πελωρίδα]
1719 2365 1803 2424 Πελω-

195 2467 269 2524 ρους,
284 2443 342 2503 M
363 2449 425 2516 τοῦ,
443 2439 523 2501 πλέον
545 2444 597 2498 τῶν
614 2439 830 2517 Λακεδαιμονίων
847 2443 907 2516 ὑμῖν
929 2439 977 2513 τῆν
1019 2441 1056 2523 ρλς
1077 2443 1239 2524 ἀκρωιῆριον
1262 2440 1384 2510 Σικελίας
1397 2442 1428 2500 τδ
1449 2442 1628 2524 βορειότατον.
1648 2484 1695 2496 --
1711 2469 1734 2512 ς,
1755 2452 1803 2513 Καί

65 2557 67 2560 ·
155 2532 273 2615 οιχάριν
286 2536 332 2604 τῆς
342 2531 445 2612 εἰρήνης
459 2528 673 2607 ὁμολογήσουσιν.
693 2532 706 2587 ὁ
723 2526 750 2586 δέ
769 2528 816 2586 καί
837 2528 978 2606 σύνδεσμος
1017 2530 1086 2610 χειρί
1100 2532 1195 2612 σιδηρᾷ
1215 2529 1316 2609 ἐπιόλ]
1332 2530 1450 2603 δηλονότι
1469 2530 1519 2589 ὁπδ
1539 2535 1594 2591 τῶν
1619 2537 1829 2618 Συρακουσίοις

194 2621 224 2679 οὔ
238 2623 364 2700 περιττῶς
374 2627 476 2695 κεῖται,
492 2617 550 2675 ἀλλ’
563 2616 720 2695 ἀναγκαίοις.
734 2616 805 2694 λέγει
818 2614 869 2696 γάρ
883 2614 923 2674 ότι
932 2622 977 2677 τοῦ
1018 2617 1187 2700 ἐπιόληθείση
1202 2618 1306 2698 ’Λττικῆ
1319 2613 1372 2690 νηί.
1387 2617 1450 2695 μίαν
1467 2607 1512 2677 ούν
1526 2620 1677 2683 ἀπώλεσαν
1696 2630 1721 2685 οί
1737 2627 1803 2699 ’Λθη-

193 2730 223 2765 τι
237 2706 341 2782 νομίσαι
355 2711 423 2784 ὑμᾶς
438 2702 597 2779 νενικηκέναι
610 2703 656 2762 καί
669 2702 717 2775 τῆν
728 2702 805 2783 χάριν
817 2707 863 2775 τῆς
874 2704 978 2785 εἰρῆνης
1017 2715 1092 2766 ναῖοι.
1104 2743 1145 2753 -
1158 2728 1180 2768 ε.
1194 2705 1257 2766 ’Λπδ
1270 2705 1357 2786 κάλω]
1368 2709 1406 2787 τῷ
1419 2705 1551 2788 λεγομένην
1566 2710 1711 2795 παρόλχῳ·
1725 2715 1802 2798 οἱγδρ

194 2797 230 2862 εἰς
246 2798 314 2873 ὑμᾶς
339 2792 476 2873 μέλλουσιν
494 2792 648 2871 ἀνενεγκεῖν.
667 2826 707 2836 -
728 2792 910 2867 Πολεμοῦνται
930 2782 977 2870 μὲν
1017 2794 1078 2875 παρ’
1094 2793 1176 2865 αὐτὴν
1188 2793 1236 2866 τὴν
1248 2798 1297 2872 γῆν
1312 2793 1434 2861 πλέοντες
1447 2797 1476 2853 οὐ
1488 2794 1616 2856 δύνανται
1631 2800 1803 2881 ἐρέττειν,-

193 2881 244 2962 γάρ
270 2879 421 2965 ἀσαφῶς...]
444 2883 618 2957 πολεμοῦνται
641 2877 692 2961 γὰρ
715 2878 813 2950 ἀδήλου
835 2878 906 2948 ὄντος
931 2887 976 2941 τοῦ
1018 2881 1288 2963 Προςὸαλύντες]τοῖς
1303 2880 1489 2963 Συρακουσίοις
1503 2885 1635 2956 δηλονότι.
1650 2925 1696 2936 -
1709 2891 1802 2952 ’Am-

154 2992 181 3033 σο
194 2971 361 3051 πράγματος,
375 2969 414 3037 τίς
428 2972 521 3029 ἐστινὸ
534 2966 779 3050 προκαταρξάμενος
790 2973 835 3027 τοῦ
846 2966 975 3047 πολέμου,
1017 2968 1174 3048 μωσάντων]
1189 2967 1454 3050 ὑπαναχωρησάντων
1466 2969 1512 3029 καλ
1524 2975 1750 3055 μετεωρισάντων
1761 2978 1827 3047 τὰς.

193 3058 245 3117 είτε
259 3062 273 3116 ὁ
293 3056 514 3134 Λακεδαιμόνιος,
528 3055 580 3115 είτε
598 3059 612 3115 ὁ
626 3056 766 3127 Ἀθηναῖος·
787 3056 832 3113 καὶ
851 3054 884 3114 τδ
904 3055 971 3127 ἑξῆς.
1016 3062 1090 3130 ναῦς,
1104 3054 1148 3114 ίνα
1163 3058 1192 3116 ἐκ
1206 3059 1305 3115 πολλοῦ
1321 3056 1497 3135 διαστῆματος
1514 3059 1648 3132 δυνηθῶσι
1663 3065 1736 3142 μετὰ
1748 3068 1801 3145 ps(-

192 3180 234 3192 -
243 3167 265 3207 ε.
279 3146 332 3207 Ἠν
345 3170 374 3205 τε
383 3149 478 3224 γνῶτε,
492 3142 748 3221 Λακεδαιμονίοις...]
764 3142 795 3201 ἄν
802 3166 831 3201 τε
842 3147 975 3216 πεισθῆτε,
1017 3147 1086 3212 ζονος
1099 3147 1181 3223 ὁρμῆς
1194 3144 1335 3221 ἐμόάλλειν
1350 3153 1404 3211 τοὶς
1418 3145 1569 3217 Ἀθηναίοις.
1585 3183 1628 3192 -
1647 3149 1801 3230 ’Amph-

193 3232 290 3302 ἔξεστιν
312 3234 372 3312 ὑμῖν
398 3230 614 3310 Λακεδαιμονίοις
633 3229 721 3310 φίλους
741 3229 875 3308 γενέσθαι,
897 3230 975 3312 χάριν
1016 3231 1130 3311 σάντων]
1143 3231 1177 3290 τά
1190 3232 1287 3310 σημεῖα
1301 3235 1347 3302 τῆς
1356 3230 1507 3311 ξυμμαχίας
1521 3234 1665 3313 ἀραμένων
1679 3237 1728 3296 καλ
1742 3241 1800 3298 ἀνα-

193 3323 279 3380 δοῦσιν
297 3323 406 3399 μᾶλλον,
418 3319 486 3401 ἤπερ
502 3323 645 3398 βιασθεῖσιν
660 3321 704 3376 ὁπ’
719 3319 811 3376 αὐτῶν.
824 3356 856 3368 -
870 3322 975 3398 Προκα-
1017 3319 1163 3388 δειξάντων.
1178 3355 1219 3365 -
1232 3311 1472 3400 Προεμόαλόντων]
1487 3322 1539 3378 τῶν
1550 3321 1747 3402 Συρακουσίων
1756 3325 1800 3407 πρό

153 3430 180 3470 ευ
192 3408 354 3487 λεσαμένων]
373 3408 537 3480 θελησάντων
558 3406 604 3465 καὶ
617 3404 819 3487 προτρεψάντων
841 3409 909 3484 ὑμᾶς
932 3406 976 3465 ἐπὶ
1016 3410 1066 3465 τῶν
1084 3405 1224 3479 ’Λθηναίων
1239 3407 1357 3478 δηλονότι
1371 3406 1548 3484 ἐμδαλόντων.
1565 3441 1609 3454 -
1621 3429 1645 3470 ο.
1666 3415 1825 3496 Τειχῆριιςς

192 3502 285 3558 ταῦτα.
300 3517 361 3557 -ι.
378 3487 467 3574 Εἶναι]
489 3495 546 3553 ἀντὶ
565 3499 610 3552 τοῦ
625 3492 817 3571 συμόῆσεσθαι.
834 3523 864 3532 -
882 3493 975 3571 Ήμῶν
1015 3494 1183 3574 ποιήσαντες]
1195 3495 1264 3561 ἐντδς
1276 3494 1394 3566 δηλονότι
1409 3498 1461 3553 τῶν
1474 3498 1569 3574 τειχῶν
1584 3497 1799 3570 ποιήσαντες.-

192 3581 243 3666 γδρ
258 3583 303 3643 καί
315 3588 387 3662 ὑμῶν
401 3581 486 3642 ταύτά
500 3582 669 3662 λεγόντων...]
684 3583 760 3657 ἡμῶν
779 3579 829 3661 γάρ
844 3579 889 3639 καλ
901 3584 974 3660 ὑμῶν
1016 3583 1089 3662 Πρός
1099 3581 1147 3653 τῆν
1162 3582 1250 3661 πόλιν]
1266 3581 1314 3654 τῆν
1327 3581 1421 3652 Νάξον.
1436 3617 1477 3629 —-
1488 3602 1513 3645 ν.
1529 3582 1617 3666 Ὑπέρ
1635 3591 1694 3646 τῶν
1708 3588 1799 3670 dapne]

192 3676 275 3730 ταῦτα
285 3669 466 3749 σπενδομένων
476 3669 521 3729 καί
532 3668 722 3748 ὁμονοούντων,
732 3667 762 3726 τδ
774 3666 839 3726 άλλο
852 3667 975 3742 Ἕλληνι·
1016 3670 1074 3728 ἀντὶ
1088 3675 1133 3729 τοῦ
1148 3674 1172 3729 οἱ
1190 3671 1234 3730 ἐπί
1251 3676 1302 3730 τῶν
1318 3671 1406 3755 ἄκρων
1420 3673 1491 3740 ὄντες
1503 3672 1548 3732 καλ
1566 3677 1621 3734 τῶν
1635 3677 1757 3758 ὀρεινῶν,
1768 3684 1799 3747 ὗς

192 3757 247 3830 κδν,
257 3758 371 3830 ὁπῆκοον
386 3755 423 3827 δν,
438 3755 559 3834 μεγάλως
570 3760 641 3832 ἡμᾶς
651 3754 766 3833 τιμήσει.
1015 3760 1071 3818 ἐκεῖ
1082 3759 1220 3818 οἰκούντων
1238 3762 1333 3821 αὐτῶν.
1347 3800 1378 3811 -
1391 3760 1457 3821 Ἔπλ
1474 3759 1533 3828 τοῦς
1548 3764 1736 3848 Μεσσηνίους]
1753 3775 1798 3833 τοῖς

153 3862 180 3902 ιο
232 3848 308 3906 ΧΧί.
330 3845 352 3905 i.
371 3843 426 3910 Τάς
444 3842 492 3921 μὲν
513 3842 636 3923 σπονδάς]
658 3842 688 3900 τδ
711 3842 782 3916 ἑξῆς,
797 3841 843 3910 τδις
863 3843 975 3911 σπονδδς
1015 3845 1173 3918 Μεσσηνίοις
1184 3845 1201 3917 ῆ
1213 3846 1282 3906 κατὰ
1294 3840 1345 3906 τῶν
1354 3847 1519 3921 Μεσσηνίων.
1530 3883 1561 3899 -
1575 3870 1609 3910 ιο.
1627 3855 1824 3935 Λῑνῆες]ιῦιιι

192 3937 331 3992 ποιεῖσθαι.
354 3965 395 3976 -
414 3950 437 3990 ³.
464 3930 574 4009 Ἐνῆγε]
594 3930 754 3989 κατέπειθεν.
775 3965 816 3976 -
833 3930 974 4003 Ἀθηναίων
1015 3933 1326 4014 Συρακουσίων-Ἐπ’
1339 3934 1410 3994 οἰκου
1422 3934 1531 3995 ἐκασται
1541 3937 1730 4027 διεκρίθησαν]
1743 3942 1799 4002 ἀτί·

192 4017 459 4100 ξυγχωρησάντων...]
475 4016 616 4087 ’Λθηναίων
637 4015 670 4075 τδ
691 4016 868 4098 προειρημένα
889 4017 974 4098 χωρία
1014 4022 1130 4080 πλευσαν
1145 4024 1186 4081 ἐπ’
1200 4021 1272 4080 οἴκου
1287 4023 1466 4103 διακριθεῖσαι.
1478 4061 1510 4074 -
1523 4025 1742 4109 Κεκαιιωμένην]
1756 4052 1798 4089 ιιι·

192 4105 407 4184 Λακεδαιμονίοις
416 4103 639 4186 ξυγχωρησάντων
649 4108 676 4163 ἐν
683 4105 739 4172 ταῖς
751 4103 889 4185 προτέραις
896 4129 973 4164 σπον-
1014 4112 1066 4175 κῶς
1079 4108 1244 4188 πάσχουσαν,
1263 4110 1489 4189 δεδυςπκχηκυῖαν.
1499 4154 1531 4166 .-
1547 4110 1730 4195 Ἐπειρῶντο]
1740 4113 1798 4198 γρά-

193 4194 264 4274 δαῖς,
278 4193 321 4253 διδ
334 4193 365 4254 τό
376 4195 404 4253 ἐν
416 4192 560 4274 συμφοραῖς
574 4184 648 4251 εἶναι.
662 4202 715 4250 πᾶν
728 4191 779 4274 γδρ
793 4191 822 4250 τδ
836 4192 973 4252 ἐπιταττό·
1014 4218 1090 4275 φεται
1105 4195 1225 4275 ἐπείρων.
1244 4196 1291 4268 τὴν
1306 4198 1452 4269 Μεσσήνην
1466 4197 1596 4269 δηλονότι.
1611 4239 1645 4250 -
1666 4222 1703 4264 11.
1719 4207 1798 4265 Καισ-

153 4305 181 4345 ιε
193 4306 270 4360 μενον
281 4282 332 4341 ὁπδ
343 4285 394 4340 τῶν
406 4279 622 4358 Λακεδαιμονίων
635 4278 808 4359 συνεχώρουν.
823 4281 973 4358 -Δεομέ-
1015 4282 1120 4361 δίωξαν]
1134 4284 1214 4363 ἤγουν
1231 4284 1367 4354 διώξαντες
1380 4285 1511 4345 ἐνέύαλον.
1526 4327 1556 4340 -
1576 4288 1825 4371 Τεταραγμέισις]ιν

191 4393 242 4429 νων
255 4394 280 4429 τι
293 4370 405 4448 μᾶλλον]
415 4371 466 4426 τῶν
481 4365 703 4445 Λακεδαιμονίων.
716 4365 746 4424 τό
759 4365 786 4424 δέ
800 4365 826 4424 τί
837 4365 972 4446 παρέλκει.
1013 4374 1066 4438 τοῖς
1081 4371 1246 4443 Μεσσηνίοις.
1260 4415 1291 4426 -
1304 4373 1515 4451 Ἐπιγενόμενοι]
1529 4374 1706 4447 ἐπιτιθέντες.

231 4460 323 4519 XXII.
345 4455 490 4537 Ξυνέδρους
504 4451 543 4537 δέ]
558 4454 616 4523 τοῦς
630 4453 824 4532 διαλεξομένους
838 4454 898 4534 περὶ
913 4454 972 4514 τού·
1054 4462 1156 4520 XXVI.
1179 4459 1257 4520 Κατά
1275 4459 1365 4542 χώραν
1386 4457 1487 4543 ἔμενεν]
1508 4461 1590 4538 ἤγουν
1610 4462 1758 4546 ἡσύχαζεν.
1769 4511 1797 4527 .-

191 4568 243 4603 των
257 4545 302 4604 καί
320 4543 567 4621 συνδοκιμάσοντας.
581 4578 623 4591 -·
635 4539 838 4624 Ξυμόῆσονται]
854 4543 974 4621 φιλιωθῆ·
1013 4566 1034 4604 2.
1047 4542 1111 4606 'On
1126 4546 1163 4623 μῆ
1179 4543 1239 4628 μία]
1251 4547 1331 4625 ἤγουν
1346 4550 1368 4607 εἰ
1380 4547 1417 4626 μὴ
1430 4548 1487 4626 μία.
1501 4595 1533 4606 -
1544 4550 1734 4634 Διαμώμενσι]
1747 4552 1797 4613 M

192 4656 290 4692 σονται.
302 4669 342 4678 -
350 4653 371 4692 ε.
384 4631 475 4692 Κλέων
487 4630 555 4709 δὲ...]
565 4630 666 4709 πλαγία
680 4630 828 4711 δημηγορία
845 4630 972 4700 Κλέωνος.
1013 4638 1058 4692 τοῦ
1070 4634 1281 4701 διασκάπτοντες.
1294 4635 1394 4717 είρηται
1407 4634 1434 4694 δέ
1446 4636 1549 4696 ἀπδτοῦ
1560 4637 1633 4714 ἀμη,
1646 4640 1733 4701 ὅέστι
1743 4665 1797 4701 m

151 4749 178 4789 ιο
191 4756 231 4767 -
241 4741 261 4781 ³·
277 4720 472 4798 Διαόληθῶσιν]
485 4722 617 4801 ψεχθῶσι,
630 4721 768 4796 μισηθῶσι.
1013 4729 1084 4802 ρεῖαν
1097 4718 1192 4780 πλατύ.
1209 4721 1330 4801 βούλεται
1348 4723 1376 4782 δέ
1390 4725 1471 4782 εἰπεῖν
1486 4724 1526 4781 ότι
1542 4725 1743 4798 διαστέλλοντος
1758 4728 1825 4788 dv!

230 4810 338 4869 XXlll.
362 4808 489 4888 Καθάπερ
504 4806 643 4885 ξυνέκειτο]
656 4806 713 4864 ἀντὶ
722 4810 767 4865 τοῦ
779 4804 863 4886 ὥςπερ
879 4807 904 4863 ἐν
915 4806 973 4872 ταῖς
1013 4808 1150 4888 κάχληκα,
1165 4809 1210 4867 καί
1226 4809 1330 4889 βόθρους
1343 4810 1386 4869 ἐπὶ
1396 4809 1441 4868 τὸν
1456 4809 1574 4888 αἰγιαλόν
1588 4819 1741 4888 ποιοῦντες,
1753 4803 1797 4887 ηύᾸ

191 4896 330 4967 συνθήκαις
350 4886 381 4966 ἤν
405 4893 567 4974 δεδογμένον.
593 4930 634 4941 —
656 4892 831 4972 Ἐγκλῆματα
859 4893 971 4973 ἔχοντες]
1014 4919 1102 4976 ρισκον
1121 4895 1201 4977 ὕδωρ,
1224 4887 1277 4955 οἷον
1292 4895 1323 4955 ἀν
1337 4921 1376 4964 τις
1395 4901 1430 4965 εἰς
1450 4897 1567 4976 ἀνάγκην
1582 4899 1640 4959 πίοι
1663 4903 1699 4960 δι’
1720 4902 1796 4984 άκρω

191 4982 249 5041 ἀντί
262 4989 307 5042 τοῦ
322 4980 476 5062 ἐγκλῆματα
487 4982 649 5065 ἐπιφέροντες
663 4980 732 5041 κατὰ
744 4981 970 5058 Λακεδαιμονίων.
1013 4983 1098 5065 δίψαν.
1113 5031 1144 5044 ..
1162 5003 1183 5043 a.
1199 4983 1245 5044 Ἐν
1266 4983 1359 5064 ὀλίγῳ]
1373 4984 1533 5062 διαστήματι
1545 4987 1670 5056 δηλονότι
1684 4992 1733 5061 τῆς
1744 4993 1795 5067 γῆς

189 5103 231 5116 -
248 5068 452 5151 Παράσιτονδον]
469 5069 544 5151 παρδι
561 5069 595 5130 τδ
615 5072 641 5129 ἐν
661 5071 718 5139 ταῖς
732 5073 855 5138 σπονδαῖς
868 5070 971 5150 συγκεί-
1011 5117 1042 5130 ..
1056 5070 1135 5133 Κατά
1149 5070 1237 5154 μέρος]
1250 5071 1308 5130 M
1319 5077 1365 5130 τοῦ
1375 5071 1444 5131 κατά
1457 5072 1592 5151 διαδοχήν.
1608 5116 1639 5127 ..
1652 5075 1795 5160 Μεςέωραι]
