3676 5828
188 342 224 392 ιε
364 369 366 373 «
760 320 934 384 scflouA.
956 322 1012 396 111,
1033 331 1175 384 ιιι-οε.

187 461 300 539 νόμενος.
315 455 494 535 -Ἆμαθεῖς]
505 457 602 515 κακῶν.
620 457 720 532 μᾶλλον
734 452 793 521 τοθς
806 454 965 535 κακούργους
1007 458 1043 523 εἰς
1058 454 1103 515 δύο
1115 453 1267 537 μερισθέντα
1285 452 1319 513 τά
1331 455 1382 512 τῶν
1400 451 1502 513 πόλεων
1522 451 1689 533 βουλόμενος
1706 455 1796 513 πασῶν

187 544 307 612 συνετοθς
321 545 445 603 καλοῦσιν
457 543 526 623 ἤπερ
539 541 598 608 τοθς
609 546 661 600 τῶν
674 545 763 600 κακῶν
775 544 884 619 ἀμαθεῖς
899 546 964 617 ἀγα·
987 565 990 580 ⁴
1008 541 1175 611 ἐνδείξασθαι.

187 633 253 700 θούς·
270 633 315 691 καί
333 630 415 703 ἤδέως
436 630 539 710 ἔχουσιν
553 633 576 688 οί
592 629 723 709 ἅνθρωποι
736 634 877 710 κακοῦργοι
899 619 964 687 εἶναι
1048 633 1202 691 LXXXIII.
1221 632 1261 690 Τὸ
1281 628 1387 708 εὔηθες]
1404 627 1452 701 τήν
1472 627 1650 710 χρηστότητα
1668 627 1741 708 λέγει
1754 630 1793 688 ἐν-

186 721 232 781 καί
258 719 334 788 δεξιοί
367 721 519 789 καλεῖσθαι,
539 718 557 789 ή
581 721 690 794 ἀμαθεῖς
724 717 769 776 καὶ
798 716 898 797 ἀγαθοί.
926 750 966 761 -
1007 723 1090 777 ταῦθα
1105 717 1200 790 εὔηθες.
1216 715 1585 795 -Τδεύηθες]τθᾶπλοῦν,
1599 716 1633 774 τὸ
1648 715 1793 797 ἀπόνηρον.

35 865 38 870 ,
112 831 119 848 ·
161 811 237 887 εΤῷ
251 806 310 884 μέν]
332 804 376 864 ἐπὶ
389 809 426 886 τῷ
441 807 550 881 ἀμαθεῖς
570 805 714 862 καλεῖσθαι.
729 804 848 864 -Ἐπί
870 800 898 861 δέ
915 805 964 882 τῷ]
1009 804 1156 882 σημείωσαι
1176 803 1215 864 ότι
1232 804 1262 863 τὸ
1280 803 1368 875 εὔηθες
1385 803 1429 863 ἐπί
1449 805 1541 863 καλοῦ.
1563 807 1583 880 §
1602 803 1651 862 καί
1670 807 1696 862 οἱ
1716 804 1813 866 ἀπλαῖε

186 893 231 955 ἐπὶ
247 897 284 975 τῷ
306 898 449 972 πανοῦργοι
462 894 606 949 καλεῖσθαι.
618 926 659 936 -
671 912 693 951 ε.
709 890 820 952 Πάντων
835 893 858 949 δ’
879 892 965 949 αὐτῶν
1008 896 1060 950 τῶν
1073 891 1269 971 ἀνθρώπωνκαὶ
1282 890 1408 972 ἀπόνηροι
1419 883 1504 969 (οῦτοι
1518 889 1547 949 δέ
1558 893 1628 949 εέσιν
1640 893 1665 950 οἱ
1679 892 1793 969 μεγαλο-

187 981 268 1041 αίτιον
284 981 323 1059 ...]
333 979 438 1038 πάντων
449 978 476 1037 δὲ
488 983 539 1037 τῶν
554 978 696 1058 εἰρημένων
707 982 795 1037 κακῶν
808 977 888 1037 αίτιον
902 970 935 1049 ἤν
947 983 964 1049 ἡ
1008 976 1104 1060 ψυχίας
1117 979 1233 1056 μάλιστα
1250 977 1296 1037 καί
1311 978 1438 1056 εὐγενείας
1453 976 1626 1057 μετέχοντες)
1641 976 1793 1057 καταγελῶ-

188 1067 314 1146 ἐπιθυμία
328 1073 372 1126 τοῦ
385 1066 524 1145 βούλεσθαι
543 1066 631 1147 ἀρχειν
647 1072 694 1138 τῆς
704 1070 752 1144 γῆς
765 1065 807 1125 διά
817 1064 965 1133 πλεονεξίαν
1009 1066 1082 1145 μενοι
1096 1067 1147 1124 θπθ
1153 1069 1205 1130 τῶν
1214 1065 1404 1134 στασιαζόντων
1416 1063 1579 1125 ἀπώλλυντο·
1588 1069 1615 1124 οἱ
1623 1063 1793 1145 δέἀπιστοῦν-

188 1155 233 1215 καῖ
247 1152 407 1236 φιλοτιμίαν.
422 1154 452 1210 ἐκ
470 1150 566 1210 τούτων
582 1150 609 1210 δέ
628 1156 645 1224 ἤ
660 1153 749 1219 στάσις
762 1151 845 1232 ἀρχὴν
859 1151 966 1229 λαμόά-
1008 1153 1190 1226 τεςάλλήλοις,
1200 1153 1245 1211 καί
1254 1151 1480 1235 παρατεταγμένοι
1488 1153 1577 1220 δεινῶς
1588 1154 1650 1211 κατ’
1662 1152 1791 1226 ἀλλήλων,

152 1260 176 1297 10
188 1265 267 1301 νουσα
280 1240 358 1322 (φημὶ
374 1237 406 1310 δή
420 1245 465 1297 τοῦ
485 1238 575 1318 ἀρχειν
590 1238 636 1297 καί
648 1243 694 1311 τῆς
706 1238 854 1309 πλεονεξίας
865 1239 910 1298 καί
923 1261 967 1320 φι-
1009 1233 1318 1307 ὡςέπιτοπλεῑστονοῦτοι
1333 1239 1482 1308 διεσώζοντο
1494 1238 1539 1297 διά
1551 1243 1601 1311 τῆς
1616 1239 1791 1308 ἀπιστίαςκαί
1802 1259 1822 1298 ιι

188 1328 315 1405 λοτιμίας)
328 1326 435 1406 ύστερον
448 1325 579 1404 λαμόάνει
592 1325 683 1408 ἑτέραν
702 1331 753 1386 τῶν
768 1331 855 1386 κακῶν
870 1324 966 1399 αἰτίαν,
1009 1333 1056 1400 τῆς
1069 1332 1246 1409 παρασκευῆς.
1261 1362 1301 1375 -
1313 1327 1353 1388 Τδ
1373 1325 1400 1385 δέ
1421 1326 1608 1406 ἀντιτετάχθαι
1627 1327 1755 1400 ἀλλήλοις
1768 1352 1790 1387 τ.

188 1415 235 1487 τήν
263 1419 314 1474 τῶν
342 1413 534 1482 στασιαζόντων
558 1411 717 1495 προθυμίαν,
743 1414 828 1494 ὥςπερ
853 1416 888 1480 είς
916 1412 966 1481 ἕξιν
1010 1439 1051 1493 γν.
1068 1414 1113 1493 ἀ.]
1133 1415 1163 1474 τὸ
1177 1415 1295 1473 ἀπιστεῖν
1313 1413 1625 1491 ἀλλήλοις,τθέντεῦθεν
1639 1415 1792 1474 ἀντιτάσσε-

189 1503 337 1584 ἐρχομένων
353 1503 439 1560 αὐτῶν
452 1506 498 1558 τοῦ
511 1499 690 1581 περιγενέσθαι
707 1500 752 1559 καί
767 1500 804 1579 μὴ
823 1504 967 1572 ἡττηθῆναι
1011 1507 1080 1563 σθαι.
1095 1537 1134 1548 -
1154 1501 1284 1562 Ἐπιπολθ
1298 1500 1430 1580 διήνεγκε]
1445 1503 1561 1581 κρεῖττον
1576 1500 1695 1578 ἐγένετο.
1709 1535 1750 1547 -·
1760 1501 1792 1564 Ὁ

189 1596 242 1650 τῶν
264 1588 396 1649 ἐναντίων.
409 1622 449 1634 --
462 1587 513 1648 Ἐκ
526 1588 549 1645 δ’
572 1590 668 1659 αὐτῶν]
686 1587 766 1666 ἤγουν
787 1589 819 1646 δι’
838 1586 915 1647 αθτά.
927 1622 968 1631 -
1010 1588 1154 1661 διαλύσων]
1167 1593 1181 1648 θ
1193 1588 1333 1670 φιλιύεσων.
1348 1619 1389 1632 -·
1400 1584 1500 1666 Ὅρκος
1517 1585 1645 1667 φοόερύς]
1669 1589 1746 1654 θεῖος.
1756 1620 1793 1634 -·

153 1697 176 1736 ιε
193 1680 228 1737 Οί
242 1676 292 1757 γάρ
310 1679 336 1734 ἐν
351 1679 407 1741 ταῖς
425 1673 517 1733 πόλεσι
533 1674 692 1754 προστάντες
707 1683 746 1746 ...]
762 1678 785 1734 οί
799 1673 850 1754 γάρ
865 1677 891 1732 ἐν
911 1683 969 1741 ταῖς
1011 1697 1032 1735 ε.
1050 1675 1193 1755 Κρείσσους
1211 1676 1235 1735 δ’
1249 1672 1368 1746 ὄντεςκζ]
1383 1673 1501 1755 ῥέποντες
1515 1671 1543 1731 δὲ
1553 1675 1578 1732 οἱ
1594 1672 1731 1754 ἄνθρωποι
1743 1682 1792 1743 τοῖς
1804 1693 1823 1732 n

189 1764 283 1823 πόλεσι
294 1761 481 1843 προϊστάμενοι
492 1765 539 1831 τῆς
552 1760 728 1840 δημοκρατίας
742 1761 787 1820 καὶ
801 1767 847 1832 τῆς
860 1764 968 1843 ὀλιγαρ-
1011 1765 1144 1842 λογισμοῖς
1157 1762 1222 1844 πρδς
1235 1760 1264 1821 τδ
1277 1761 1314 1839 μή
1329 1761 1440 1830 ἐλπίζειν
1454 1758 1514 1818 τινά
1523 1758 1616 1818 πίστιν
1627 1761 1676 1820 καὶ
1689 1760 1794 1841 βεῦαιύ-

189 1850 266 1931 χίας,
289 1848 357 1928 μετά
370 1848 496 1925 ὀνόματος
508 1848 626 1928 ἑκάτεροι
645 1847 808 1928 εθπροςώπου
827 1849 873 1907 καί
891 1853 970 1906 πιθα·
1011 1875 1091 1923 τητα,
1106 1856 1272 1932 προενοοῦντο
1284 1852 1398 1927 μᾶλλον,
1409 1847 1452 1906 ίνα
1467 1846 1504 1924 μὴ
1519 1847 1642 1906 πάθωσιν
1653 1850 1732 1908 αὐτοὶ
1746 1872 1794 1907 κα-

190 1944 253 2011 νοῦ,
267 1940 291 1997 οί
304 1936 352 2015 μέν
365 1936 482 2013 λέγοντες
493 1930 666 2015 προίστασθαι
679 1941 726 2007 τῆς
735 1935 911 2015 δημοκρατίας
923 1941 970 2007 τῆς
1012 1941 1072 2004 κῶς.
1088 1943 1227 1995 πιστεῦσαι
1246 1936 1274 1996 δέ
1293 1939 1339 1995 οῦκ
1356 1935 1486 1994 ἐδύναντο·
1500 1933 1547 1992 καὶ
1564 1937 1590 1993 οί
1606 1935 1794 2018 ἀσυνετώτεροι

191 2025 342 2106 ἐλευθέρας,
356 2027 380 2082 οί
392 2024 419 2082 δέ
436 2028 483 2094 τῆς
494 2022 695 2104 ἀριστοκρατίας
706 2021 823 2101 λέγοντες
830 2025 971 2082 ἀντιποιεῖ-
1013 2028 1048 2092 ὡς
1070 2027 1265 2083 ἐπιτοπλεῖστον
1285 2023 1344 2096 ήτοι
1364 2020 1488 2090 ἐσώζοντο
1510 2020 1528 2092 ἥ
1549 2022 1654 2081 ἐνίκων.
1667 2043 1744 2086 -κ
1762 2027 1794 2085 0]

152 2130 178 2167 ευ
193 2118 253 2173 σθαι
263 2118 310 2184 τῆς
324 2108 468 2193 σώφρονος,
481 2108 515 2167 τά
531 2109 578 2186 μέν
596 2111 709 2187 δημόσια
723 2110 876 2181 νικήσαντες
889 2103 970 2189 εἶχον,
1013 2110 1166 2192 φαυλότεροι
1186 2110 1312 2191 γνώμην]
1332 2114 1356 2170 οί
1377 2111 1498 2176 ἀσθενεῖς.
1512 2144 1552 2154 -
1570 2108 1620 2176 Ὡς
1639 2109 1676 2168 τά
1694 2111 1791 2186 πλείω]
1803 2130 1824 2171 n

191 2200 238 2261 καί
252 2203 281 2259 ού
293 2199 373 2280 μέχρι
381 2203 428 2257 τοῦ
441 2197 540 2256 δικαίου
553 2197 598 2256 καί
611 2203 656 2256 τοῦ
666 2197 839 2278 συμφέροντος
851 2202 884 2280 τῆ
896 2197 971 2257 πόλει
1013 2202 1048 2266 ὡς
1058 2200 1261 2258 ἐπιτοπλεῐστον.
1275 2233 1316 2243 -
1326 2202 1374 2278 Τῷ
1392 2194 1442 2278 γὰρ
1460 2193 1621 2275 δεδιέναι...]
1639 2195 1795 2276 φοόούμενοι

189 2286 238 2355 τάς
251 2286 377 2367 τιμωρίας
387 2287 528 2343 ἐποιοῦντο.
539 2283 714 2364 ύπερόιόοίσαι
729 2283 756 2343 δέ
773 2284 824 2365 χρή
836 2283 866 2343 τὸ
878 2308 969 2366 προτι-
1014 2283 1075 2366 γάρ,
1089 2286 1180 2368 φησίν,
1192 2290 1215 2344 οί
1233 2286 1410 2367 ἀνοητότεροι,
1425 2282 1462 2362 μή
1479 2282 1523 2342 διά
1537 2282 1670 2352 συνέσεως
1682 2285 1796 2353 πλείονος

191 2373 275 2439 θέντες
287 2372 332 2431 καῖ
343 2369 465 2438 συντάξαι
476 2369 539 2451 πρὸς
554 2375 592 2451 τῷ
607 2369 729 2451 ἀνωτέρω
740 2377 786 2430 τοῦ
800 2399 812 2423 ι
823 2370 971 2452 τιμωρίας»
1015 2375 1040 2431 οί
1054 2373 1191 2432 ἀντίπαλοι
1202 2372 1387 2454 περιγένωνται
1399 2373 1495 2444 αὐτῶν,
1509 2369 1554 2428 καί
1565 2372 1597 2429 ἐκ
1608 2376 1656 2429 τοῦ
1669 2371 1796 2454 πολυτρό-

191 2457 559 2542 προτιθέντες.-Ἑκάτεροι]
570 2457 690 2538 ἑκάτερος
700 2457 761 2517 όταν
776 2449 825 2518 ῶσι
832 2459 878 2517 δύο
890 2459 971 2536 μόνοι·
1015 2484 1065 2519 που
1076 2465 1123 2534 τῆς
1136 2460 1240 2539 γνώμης
1253 2463 1337 2518 αὐτῶν
1349 2457 1492 2530 νικηθέντες
1501 2459 1686 2538 διαφθαρῶσι,
1698 2461 1795 2536 τολμη·

152 2563 178 2602 ετ
193 2547 310 2625 ἑκάτεροι
323 2545 351 2604 δέ
364 2543 498 2622 λέγονται,
514 2543 576 2602 ὅταν
594 2533 643 2602 ῶσι
663 2544 755 2603 πολλοὶ
770 2547 804 2611 είς
825 2545 870 2604 δύο
888 2569 972 2623 μεμε-
1016 2547 1117 2630 ρότερον
1129 2550 1193 2629 πρὸς
1208 2548 1240 2607 τά
1255 2548 1318 2629 ἔργα
1340 2545 1466 2627 ἐχώρουν,
1479 2544 1564 2624 τόλμῃ
1579 2547 1686 2622 μᾶλλον
1702 2569 1793 2605 πεποι-
1804 2562 1825 2603 Ι

193 2632 320 2716 ρισμένοι.
334 2668 376 2678 -
396 2635 561 2713 Εὐπρεποῦς]
585 2636 710 2704 πιθανοῦ,
738 2631 908 2710 εὐσχήμονος.
933 2668 973 2678 -
1016 2634 1252 2717 θότεςῆφρονήσει
1266 2635 1311 2693 καί
1321 2633 1421 2714 μεθόδιμ
1435 2632 1557 2699 διανοίας.
1568 2632 1654 2693 -Τό
1668 2656 1700 2692 τε
1714 2636 1795 2692 αὐτῶν

192 2721 314 2793 Πλήθους
329 2744 357 2779 τε
376 2719 607 2798 ίσονομίας]ἤγουν
623 2719 814 2799 δημοκρατίας.
828 2711 972 2798 -Ἆθλα]
1017 2723 1114 2795 ἐνδεές]
1139 2722 1187 2796 τὴν
1211 2722 1324 2803 ἔλλειψιν
1344 2726 1391 2794 τῆς
1412 2719 1540 2800 γνώσεως.
1553 2722 1725 2800 -Αὖτῶν]
1748 2724 1795 2781 τοῖν

193 2809 312 2887 ἐπαθλα,
323 2808 380 2867 ἀντί
393 2813 438 2866 τοῦ
452 2806 541 2888 κέρδη.
557 2840 597 2850 -
606 2805 662 2872 Τἀς
675 2806 802 2886 τιμωρίας
814 2807 852 2866 ἔτι
862 2808 974 2886 μείζους]
1016 2810 1157 2891 φρονίμων.
1172 2845 1212 2855 --
1225 2830 1249 2870 ε.
1260 2813 1296 2870 Οἱ
1303 2807 1330 2868 δέ
1342 2808 1611 2889 καταφρονοῦντες...]
1622 2806 1688 2866 οἱδέ
1700 2810 1797 2868 δοκοῦν·

193 2895 273 2976 ἤγουν
286 2894 475 2976 τιμωρούμενοι
486 2893 673 2970 ἐπιτεταμένας
682 2893 893 2956 ἐποίουν.-Ἣ
907 2895 974 2973 μετά
1016 2921 1058 2966 τες
1076 2889 1141 2957 εἶναι
1159 2898 1259 2957 συνετοί
1276 2897 1322 2957 καί
1343 2896 1413 2955 πάνυ
1433 2897 1586 2977 θαρροῦντες
1609 2899 1645 2974 τῇ
1675 2896 1796 2976 φρονήσει

154 2994 181 3033 ³0
196 2982 283 3064 ψήφου
299 2978 447 3065 ἀδίκου...]
462 2980 480 3053 ῆ
498 2981 753 3064 καταψηφιζόμενοι,
769 2983 856 3064 φησίν,
880 2983 974 3052 ἀδίκως
1015 2984 1208 3067 περιγενέσθαι,
1226 2985 1272 3044 καί
1291 2984 1363 3044 οὐδὲν
1385 2985 1483 3042 δεῖσθαι
1506 2980 1655 3059 νομίζοντες
1688 2982 1825 3060 δυνάμειΙ

194 3071 353 3142 ἀλλήλων,ῆ
376 3069 490 3151 τῆχειρί
508 3069 554 3127 καί
569 3072 601 3148 τῇ
619 3069 727 3146 δυνάμει
746 3070 791 3129 καὶ
816 3079 870 3136 τοῖς
886 3070 974 3138 ὅπλοις
1017 3072 1115 3153 πρᾶξαι
1142 3072 1160 3131 ἀ
1182 3071 1279 3140 ἔξεστιν
1300 3073 1387 3138 αὐτοῖς
1408 3068 1488 3149 τέχνῃ
1514 3073 1669 3148 κατορθοῦν,
1693 3068 1797 3149 ἀπαρά-

194 3165 362 3238 κρατοῦντες,
375 3157 572 3234 ἐξεπίμπλασαν
594 3156 640 3223 τάς
658 3156 830 3237 φιλονεικίας,
843 3159 974 3217 τουτέστιν
1018 3182 1104 3218 σκευοι
1119 3159 1298 3241 διεφθείροντο.
1311 3193 1351 3203 -
1360 3161 1396 3218 Οί
1410 3157 1438 3216 δέ
1449 3157 1724 3236 καταφρονοῦντες...]
1735 3160 1759 3215 οί
1771 3155 1796 3214 δέ

194 3246 390 3322 ἐνεπιμπλῶντο
407 3243 452 3302 καί
464 3242 557 3315 ήδοντο
574 3243 763 3324 τιμωρούμενοι
777 3243 837 3311 τοθς
859 3245 973 3326 ἐχθρούς.
1017 3248 1151 3313 δοκοῦντες
1164 3239 1229 3305 εἶναι
1246 3245 1360 3317 συνετοί,
1373 3243 1419 3304 καί
1433 3242 1577 3320 νομίζοντες
1594 3241 1797 3321 ἐπιόουλενύμε-

194 3365 234 3378 -
247 3328 326 3397 Ὧςτε
347 3329 465 3410 εθσεύείογ
481 3330 529 3407 μέν
551 3331 593 3407 ...]
611 3328 677 3389 ὥστε
696 3331 752 3408 μετ’
773 3331 906 3399 εύοεῦείας
927 3331 973 3410 μέν
1017 3357 1055 3391 νοι
1066 3333 1170 3400 πάντως
1182 3331 1213 3392 ἀν
1222 3330 1265 3391 διδ
1276 3330 1323 3402 τήν
1336 3329 1437 3390 σύνεσιν
1446 3326 1651 3410 προαισθέσθαι,
1663 3329 1715 3388 καί
1729 3327 1797 3389 οθδέν

156 3429 181 3468 3ο
195 3417 293 3498 πρᾶξαί
316 3442 341 3476 τι
355 3418 496 3497 οὐδετέροις
519 3415 621 3496 φροντὶς
636 3408 668 3488 ἤν
690 3416 748 3475 οὐδὲ
763 3419 871 3490 σπουδή·
886 3411 974 3487 οἶςτισι
1017 3421 1162 3498 νομίζοντες
1181 3419 1262 3500 ἐργων
1281 3421 1343 3491 δεῖν,
1359 3419 1484 3501 άφρακτοι
1502 3413 1688 3496 διεφθείροντο.
1704 3415 1794 3477 -Ἀ-
1805 3436 1825 3477 8

195 3504 223 3562 δέ
238 3504 388 3563 συνέόαινεν
407 3502 588 3574 ἐξαπατήσασι
602 3502 645 3562 διά
658 3503 735 3583 λόγου
744 3503 817 3571 τινδς
833 3509 975 3586 εὐπρεποῦς
1017 3508 1142 3588 φρακτοι]
1158 3507 1243 3566 λείπει
1254 3505 1284 3565 τδ
1295 3506 1374 3572 ὄντες.

195 3590 294 3672 πρᾶξαί
315 3615 340 3649 τε
362 3591 487 3668 γενναῖον,
512 3581 582 3649 οῦτοι
603 3592 751 3669 έπῃνοῦντο.
770 3627 810 3636 -
826 3592 974 3673 Ἐνόμιζον]
1056 3597 1183 3656 LXXIV.
1202 3595 1248 3653 Ἐν
1260 3593 1282 3651 δ’
1296 3584 1383 3664 οῦν...]
1404 3591 1439 3652 τά
1461 3586 1630 3667 ὠόελισμένα
1644 3589 1735 3648 οὗδενί
1748 3592 1795 3649 τῶν

195 3677 229 3737 τθι
243 3678 342 3755 νόμιμα
355 3676 491 3758 ἔπραττον.
505 3711 545 3722 -
559 3676 721 3759 Ἐπιφθόνως
731 3702 756 3736 τι
771 3679 974 3762 διαπράξασθαι]
1017 3681 1148 3760 ἐξηγητῶν
1169 3680 1237 3749 ἐδοξε
1257 3679 1417 3740 Θουκυδίδου
1435 3673 1509 3738 ε’ίναι.
1524 3679 1616 3756 ἀσαφῆ
1633 3673 1687 3757 γάμ
1704 3677 1796 3756 καὶτῷ

197 3764 255 3823 ἀντί
268 3771 313 3825 τοῦ
328 3764 462 3846 ἐπίφθονον
477 3763 522 3822 καί
536 3762 659 3842 μέγα.τά
673 3764 724 3846 γάρ
738 3766 841 3845 μεγάλα
855 3768 900 3826 καί
913 3774 975 3849 φθο-
1017 3768 1091 3850 τύπῳ
1104 3773 1150 3840 τῆς
1164 3766 1301 3849 ἑρμηνείας
1314 3766 1359 3825 καί
1370 3776 1423 3834 τοῖς
1434 3763 1590 3840 διανοήμασι
1604 3762 1691 3821 πολὺν
1706 3762 1796 3846 ἐμφαί-

156 3870 183 3909 αυ
196 3861 287 3912 νεῖται.
302 3886 341 3897 —-
353 3847 473 3927 ΙἌμεινον
490 3851 596 3928 ἤκουον]
614 3851 694 3929 ἤγουν
714 3855 863 3933 ἐπηνοῦντο.
878 3889 918 3898 -
931 3855 975 3916 Τά
1016 3879 1093 3915 νοντα
1112 3855 1155 3914 τὸν
1178 3852 1359 3935 νεωτερισμόν.
1383 3889 1423 3898 -
1442 3849 1687 3924 Ἇπαλλαξείοντες]
1711 3853 1793 3911 ἐπιθυ·
1804 3868 1824 3909 ιε

196 3938 225 3998 δέ
241 3938 310 4017 μέσα
329 3942 381 3997 τῶν
395 3939 520 4017 πολιτῶν]
535 3939 613 4016 ἤγουν
627 3942 651 3998 οἱ
673 3939 747 4016 μέσοι
762 3943 876 4000 πολῖται·
896 3943 974 4022 ἤγουν
1017 3941 1124 4020 μοῦντές
1135 3966 1202 4010 τινες
1216 3940 1367 4008 ἀπαλλάξαι
1384 3938 1489 4007 ἐαυτοθς
1500 3941 1547 4008 τῆς
1558 3935 1680 4004 εἰωθυίας
1696 3938 1795 4012 πενίας,

197 4029 221 4086 οί
236 4026 303 4106 μετά
316 4025 375 4093 τοὺς
388 4025 545 4106 προστάτας.
563 4030 587 4084 οἱ
601 4025 628 4084 δὲ
642 4027 730 4102 μέσοι,
743 4029 822 4109 φησί,
836 4033 887 4087 τῶν
902 4032 975 4089 πολι·
1016 4029 1051 4088 τά
1064 4034 1115 4088 τῶν
1137 4029 1230 4109 α’ίλλωνι
1243 4029 1370 4111 ἤρπαζον.
1384 4063 1424 4074 -
1436 4047 1458 4086 α.
1479 4024 1602 4104 Ἇσμίνη]
1625 4025 1684 4102 μεθ’
1699 4028 1794 4098 ἡδονῆς.

195 4120 249 4175 τῶν
267 4113 406 4190 (τουτέστιν
417 4115 442 4172 οί
457 4111 591 4194 μηδετέρῳ
606 4113 678 4194 μέρει
691 4115 895 4195 προςτιθέμενοι,
907 4117 975 4194 μήτε
1017 4152 1057 4162 -
1072 4116 1265 4196 Προῦτίθεσαν]
1281 4115 1433 4196 τιμιώτερον
1455 4113 1565 4195 ἔκριναν.
1581 4115 1690 4172 -Τοῦ
1715 4136 1744 4171 τε
1761 4111 1794 4190 με]

197 4206 235 4284 τῷ
249 4206 300 4260 τῶν
313 4203 512 4279 δημοκρατικῶν
526 4200 593 4279 μήτε
603 4204 641 4282 τῷ
654 4206 705 4260 τῶν
719 4205 902 4283 ὀλιγαρχικῶν,
917 4206 975 4263 ἀλλ’
1018 4205 1131 4275 ἀδικεῖν]
1143 4203 1223 4281 ἤγουν
1232 4209 1278 4261 τοῦ
1293 4201 1402 4262 δικαίου.

158 4304 184 4341 ιε
200 4286 386 4366 ἡσυχάζοντες,
396 4287 441 4345 καί
452 4286 488 4362 μή
504 4285 619 4354 θέλοντες
632 4289 789 4368 στασιάζειν)
802 4291 847 4347 ὑπ’
861 4290 975 4371 ἀμφοτέ-
1057 4293 1199 4352 LXXXV.
1216 4290 1262 4356 Ἐς
1283 4287 1425 4360 ἀλλήλους]
1443 4287 1524 4366 ἤγουν
1537 4284 1595 4344 κατ’
1608 4284 1745 4356 ἀλλήλων.
1758 4300 1822 4342 -ιι

198 4399 249 4455 ρων
264 4373 425 4455 ἐφθείροντο,
439 4371 456 4444 ἐ,
470 4372 510 4431 ὅτι
524 4376 554 4432 ού
573 4376 775 4452 συνηγωνίζοντο
787 4377 839 4443 τοῖς
862 4376 976 4436 στασιόν-
1018 4399 1039 4438 ε.
1053 4381 1109 4448 Τῆς
1123 4377 1206 4458 πέραν
1217 4376 1312 4442 οἰκείας
1325 4378 1388 4455 γῆς]
1402 4374 1440 4453 μὴ
1456 4375 1533 4452 μόνον
1544 4377 1591 4444 τῆς
1602 4372 1686 4443 νήσου
1702 4374 1793 4455 ἐγκρα·

197 4484 255 4528 ταις
266 4462 473 4538 παρακαλοῦσιν,
487 4458 504 4530 ἤ
519 4460 685 4540 φθονούμενοι
699 4461 750 4521 θπθ
763 4467 814 4520 τῶν
828 4463 976 4532 στασιαζόν·
1017 4457 1144 4537 τεῖςῆσαν
1157 4469 1180 4524 οί
1191 4469 1367 4545 Κερκυραῖοι,
1380 4462 1448 4523 ἀλλά
1465 4462 1511 4521 καί
1524 4465 1570 4532 τῆς
1583 4460 1709 4540 ήπείρου.
1726 4483 1794 4541 μερι-

198 4570 260 4618 των,
284 4544 322 4604 ότι
345 4545 419 4623 μόνοι
442 4548 551 4613 ἀπαθεῖς
576 4539 651 4618 ἤσαν.
674 4583 715 4593 -
733 4549 795 4608 Ὑπ’
811 4551 975 4633 ἀμφοτέρων]
1019 4553 1120 4620 σθέντες
1142 4544 1185 4611 οῦν
1201 4554 1225 4611 οί
1245 4557 1371 4624 νησιῶται
1384 4549 1448 4630 πρθς
1465 4548 1524 4615 τοθς
1536 4547 1690 4628 ἤπειρώτας
1706 4544 1793 4629 ἐπεφί·

199 4634 229 4692 τδ
243 4632 453 4713 ὑπ’ἀμφοτέρων
468 4623 539 4691 εἶπεν
557 4636 607 4714 οὐχ
619 4633 659 4693 ότι
672 4638 705 4702 εἰς
719 4636 765 4694 δύο
780 4639 939 4718 μερισθέντες
952 4644 976 4699 οί
1019 4663 1108 4720 ροντο,
1129 4643 1159 4699 ἐκ
1178 4644 1224 4710 τῆς
1249 4638 1365 4705 στάσεως
1384 4640 1419 4704 είς
1445 4641 1521 4694 τοῦτο
1547 4634 1794 4711 καθιστάμενοι.-

162 4736 187 4772 ὐυ
198 4722 225 4778 ἐν
239 4724 272 4798 τῇ
286 4719 360 4777 πόλει
372 4719 502 4798 ἐμάχοντο
516 4720 638 4791 ἀλλήλοις
654 4722 806 4803 ἀμφότεροι,
820 4724 879 4793 τοὺς
893 4727 920 4785 δὲ
933 4728 974 4786 όν·
1017 4728 1101 4804 Λιμὸς
1110 4726 1230 4805 ίσχυρύς]
1241 4726 1388 4804 σημείωσαι
1402 4729 1416 4783 θ
1428 4723 1513 4800 λιμός·
1526 4721 1618 4788 -Ἒζ
1635 4720 1685 4793 *ἦν
1700 4725 1820 4792 *ἥσωίίί

198 4829 246 4871 τας
257 4804 364 4882 μέσους,
373 4805 432 4876 ἤτοι
444 4805 503 4873 τοὺς
515 4807 663 4888 μηδετέροις
674 4811 821 4867 ἀκολουθεῖν
834 4810 975 4886 ἐθέλοντας,
1018 4813 1065 4883 τήν
1080 4813 1120 4873 Κέ
1137 4836 1228 4892 κυραν.
1241 4849 1280 4858 -
1290 4834 1311 4873 ε.
1322 4812 1417 4879 Ὅπως
1429 4809 1555 4888 ἀπόγνοια
1567 4800 1632 4888 ᾖ...]
1647 4808 1722 4875 ὅπως
1733 4805 1792 4865 ἀπό·

200 4892 342 4972 ἀμφότεροι
355 4892 512 4951 ἀπέκτεινον·
532 4897 589 4953 ἀλλ’
604 4895 692 4966 ἐπειδὴ
712 4895 801 4963 πάσας
825 4897 872 4964 τάς
889 4898 976 4965 πόλεις
1018 4887 1113 4978 γνιοσις
1122 4837 1141 4978 ἤ
1151 4905 1196 4957 τοῦ
1206 4900 1383 4981 ὑποστρέψαι,
1395 4898 1440 4959 καί
1450 4900 1629 4967 ἀποπλεῦσαι,
1643 4895 1689 4955 καί
1699 4895 1763 4954 ἀλλο
1771 4915 1792 4951 τι

113 5063 115 5066 .
201 4982 236 5046 τίς
249 4979 294 5038 δύο
307 4977 425 5057 ἐμέρισεν
439 4981 486 5013 “⁴
499 4981 558 5047 τοὺς
581 4981 729 5062 προστάτας
747 4985 842 5060 αὐτῶν,
858 4988 893 5049 ὡς
907 4983 976 5062 λέγει
1019 4984 1191 5066 πρῦξαιπλῆν
1199 4991 1245 5044 τοῦ
1252 4981 1587 5067 κρατῆσαιτῆςίίερκύρας.
1598 5016 1640 5028 -·
1649 4982 1791 5060 Ἀπόγνυιο]

202 5065 294 5146 μικρὸν
308 5065 414 5143 ἀνωθεν,
429 5065 471 5127 διά
485 5073 561 5128 τοῦτο
575 5059 631 5129 είπε
645 5070 690 5130 καί
703 5076 747 5129 νῦν
762 5071 804 5129 ὑπ’
815 5073 976 5152 ἀμφοτέροιν,
1019 5072 1166 5150 σημείωσαι
1176 5071 1309 5152 ἀπόγνοια.
