3676 5828
708 244 732 252 ·’
753 242 873 265 ἰιι-ΛΑ.
908 254 911 261 .

187 352 243 404 ιεο
825 335 1101 414 sefl0L1A.V111,
1126 347 1266 400 ln-ne.

223 472 304 532 XIII.
326 466 468 544 Κοπεῑσαι]
492 462 535 524 ἒπλ
554 469 599 524 τοῦ
617 468 802 535 κακοπαθῆσαι
819 465 864 523 καί
885 464 963 523 οἱονεὶ
1045 465 1163 525 XXVII.
1186 464 1368 542 Βουλομάνων]
1390 463 1530 533 ἀξιούντων
1552 466 1737 550 (ἀξιουμένων),
1752 515 1778 526 -

184 566 310 619 κοπιᾶσαι
323 553 433 631 εἴρηται.
1006 549 1223 628 Ὑπομείναντας]
1252 550 1310 609 ἀντὶ
1338 557 1384 610 τοῦ
1408 554 1616 629 ὑπομεινάντων.
1641 599 1672 611 -
1692 577 1713 618 2.
1737 559 1778 620 Ἐν

224 646 302 705 XIV.
325 639 505 716 Ἐξάγγιλτοι]
527 637 608 714 ἤγουν
627 638 743 713 δῆλοι]
765 636 880 696 διάνοια·
895 635 959 696 πάν·
1007 637 1118 719 ύστίρῳ]
1136 638 1222 720 χρόνῳ
1243 639 1371 711 δηλονότι.
1389 682 1423 690 -
1441 638 1540 701 Ἔσται
1554 642 1777 719 ἀγωνίσασθαι]τδ

184 756 232 798 τοις
252 729 311 796 τοθς
328 726 504 806 ἀμπίπτοντας
526 727 612 791 αὐτοῖς
635 724 840 802 ουνελόμόανον,
862 723 905 783 ἵνα
925 723 962 802 μὴ
1007 723 1081 783 ἔσται
1101 725 1231 807 περιττόν.
1254 725 1284 784 τδ
1300 725 1354 785 II«
1373 729 1496 788 ούδίπατι
1515 731 1556 810 τῷ
1573 731 1677 812 αἰσχρῷ
1696 733 1777 792 aaa..

158 815 375 896 ιζπαγγείλωσιν
402 811 495 878 αὐτούς
519 814 684 871 ἀπιπλεῦσαι.
711 846 751 857 -
770 810 881 884 Λύτούς]
906 811 964 879 τοθς
1007 810 1075 880 είξας
1097 813 1197 892 ἀλόγως
1220 815 1435 874 διακινδυνεύσειν
1458 843 1470 868 ν
1493 815 1552 874 ἀντὶ
1575 822 1623 876 τοῦ
1647 818 1797 898 Mum

185 901 342 968 ἑαλωκότας.
356 919 423 961 -ε,
438 898 493 959 Καί
503 901 526 957 οί
536 896 584 975 μὲν
594 899 749 976 ἀφεστῶτες]
762 897 816 957 ἀπὸ
827 902 879 956 τῶν
891 897 964 970 Ἀθη-
1007 898 1107 979 φεύγων
1122 899 1239 974 ἀδοξίαν,
1260 900 1360 979 ἀλόγως
1380 900 1609 964 διακινδυνεύσειν.
1634 904 1702 981 ἤτθ
1715 906 1778 978 ἑξῆς·

184 990 265 1049 ναίων
277 986 404 1060 δηλονότι.
1007 982 1072 1045 ὅπου
1092 985 1189 1054 ίξεστιν
1209 989 1236 1047 δν
1255 990 1355 1070 ὑστόριρ
1370 990 1468 1059 εἰδότας
1486 989 1553 1071 πρὸς
1566 991 1668 1060 ὁπόσας
1684 1017 1713 1054 τε
1725 1002 1780 1064 ναῦς

225 1078 288 1137 XV.
311 1072 444 1151 Μεγίστης
457 1070 567 1142 πόλεως]
582 1069 662 1147 ἤγουν
673 1075 719 1142 τῆς
732 1069 809 1132 Χίου.
824 1106 864 1117 —
877 1070 921 1131 Τά
934 1093 963 1129 τε
1007 1073 1135 1150 πολεμίας
1146 1073 1219 1133 όαται
1231 1076 1424 1154 ἀγωνίσασθαι,
1435 1077 1482 1137 καὶ
1495 1077 1569 1146 ύααις
1582 1081 1642 1147 ταῖς
1653 1081 1779 1163 σφετέραις

184 1160 258 1242 χίλια
270 1159 444 1238 τάλαντα...]
460 1156 517 1215 ἀντὶ
529 1163 576 1215 τοῦ
586 1154 632 1223 τάς
646 1156 690 1216 ἀπὶ
699 1157 753 1223 τοῖς
763 1156 857 1236 χιλίοις
868 1156 963 1216 ταλάν·
1006 1160 1070 1240 πρὸς
1083 1159 1174 1228 αὐτούς
1184 1163 1466 1242 παρασκευασαμέναις
1479 1167 1575 1232 ἱκανῶς
1588 1165 1637 1224 καί
1647 1170 1705 1227 καθ’
1720 1173 1779 1240 ἤσυ-

148 1270 237 1318 ιυτοις
244 1246 410 1325 ἐπικειμένας
425 1242 529 1321 ζημίας.
542 1246 559 1318 §
575 1241 684 1302 διάνοια·
698 1243 793 1319 ζημίας
802 1243 897 1303 ἔλυσαν
915 1244 962 1312 τάς
1006 1245 1077 1325 χίαν,
1092 1248 1167 1315 αὐτὸς
1181 1247 1298 1319 δηλονότι
1313 1248 1437 1310 οὐδέποτε
1442 1295 1451 1324 ,
1469 1250 1538 1319 εἴξας
1552 1255 1591 1329 τῷ
1605 1255 1708 1334 αἰσχρῶ
1720 1256 1779 1314 ἀντί·
1792 1276 1810 1315 ιι

185 1336 345 1401 ἐπιτεθέντος
356 1338 409 1400 τοῖς
418 1329 744 1412 εἰποῦσινῆἐπιῆςηφίσασι
754 1332 833 1390 κινεῖν
843 1329 876 1390 τά
887 1331 961 1409 χίλια
1007 1334 1057 1406 δει,
1076 1332 1176 1410 ἀλόγως
1197 1334 1380 1398 κινδυνεύσειν.
1402 1375 1438 1386 -
1457 1357 1480 1399 ε.
1502 1316 1709 1420 Ξυμύῆσεσθαι]
1728 1343 1780 1414 ἤτοι

185 1423 315 1494 τάλαντα,
330 1419 405 1478 ἅτινα
419 1417 557 1476 ἐύούλοντο
570 1416 680 1489 ἀκίνητα
695 1416 798 1494 μίμνειν
810 1417 853 1477 δεδι
867 1418 963 1485 παντὸς
1006 1418 1075 1478 κατά
1087 1420 1194 1498 γνώμην
1209 1424 1261 1479 τῶν
1273 1422 1404 1499 πολεμίων
1426 1423 1482 1484 ἔστι
1500 1423 1533 1496 δῆ
1549 1426 1681 1497 συνθήκας
1693 1439 1777 1491 ποιεῖν,

184 1514 230 1567 τοῦ
241 1508 364 1584 πολέμου.
379 1532 409 1541 -
420 1502 551 1582 Ἐλυσαν]
562 1503 592 1560 τὸ
604 1502 674 1575 ἑξῆς,
686 1502 781 1562 [λυσαν
794 1504 843 1564 ὑπὸ
856 1508 902 1576 τῆς
915 1528 964 1563 πα·
1006 1540 1041 1548 -
1051 1497 1088 1590 2'II
1100 1506 1174 1585 μόγις
1186 1508 1230 1567 όπί
1240 1518 1296 1576 ταῖς
1309 1513 1492 1588 γεγενημέναις
1503 1511 1693 1595 ξυμφοραῖς...]
1704 1508 1777 1595 ἤτινι,

188 1591 491 1678 ρούσηςέκπλῆξεως.-
504 1594 552 1670 Τῷ
570 1590 698 1671 Πειραιῷ]
713 1595 759 1661 τῆς
774 1591 963 1673 Κορινθίας...
1012 1593 1090 1672 φησὶ,
1114 1593 1189 1653 πόλει
1214 1594 1257 1653 διά
1281 1595 1328 1665 τάς
1350 1598 1513 1678 κατεχούσας
1548 1600 1684 1682 συμφορδς
1712 1605 1779 1679 μόλις

149 1702 172 1738 ιιι
186 1682 384 1762 Ἐφορμουσῶν]
397 1675 534 1759 πολιορκία
548 1680 599 1734 τῶν
614 1677 755 1754 πολεμίων.
768 1713 809 1724 --
819 1697 841 1738 ε.
857 1678 904 1746 Ἐς
915 1676 963 1748 τὴν
1002 1677 1086 1750 ἔξεστι
1101 1680 1168 1758 μετά
1182 1680 1299 1761 μεγάλης
1322 1689 1492 1766 παρασκευῆς
1515 1685 1562 1746 καί
1585 1689 1776 1770 ἀναγκαζομίνῃ
1789 1717 1808 1754 ις

186 1769 316 1848 βοήθειαν]
329 1766 386 1825 ἀντὶ
397 1771 443 1824 τοῦ
456 1765 504 1837 τὴν
518 1764 618 1844 μάχην.
1005 1771 1195 1847 προεπιχειρεῖν
1208 1768 1261 1836 τοῖς
1274 1770 1423 1849 πολεμίοις,
1437 1771 1497 1851 οὐχί
1508 1771 1536 1832 &I
1550 1773 1692 1848 ἑκουσίως,
1703 1777 1778 1851 ταύτῃ

224 1857 301 1917 XVI·
323 1874 344 1914 ⁸·
359 1853 545 1932 ,Εςηγάγοντῆ
564 1849 756 1932 προςεδέξαντο,
773 1895 805 1905 ,,
819 1852 960 1932 Ἐπέσχον]
1004 1855 1060 1919 πῶς
1072 1854 1194 1933 προς-ἤκει
1208 1854 1244 1932 μῆ
1258 1858 1454 1939 ἀναγκαζομὲνη
1468 1859 1533 1941 πρδς
1547 1863 1715 1943 αὖθαιρότους
1727 1844 1779 1924 m'.

187 1942 239 2001 ἀπὸ
250 1947 295 2002 τοῦ
310 1942 420 2019 τείχαις.
1005 1937 1093 2007 δύνους
1102 1940 1183 2015 ἰάναι;
1194 1986 1226 1997 ..
1237 1940 1313 2003 Μετά
1329 1942 1435 2022 βεόαίου
1448 1951 1614 2029 παρακευῆς]
1628 1949 1708 2029 ἤγουν
1720 1956 1779 2012 ἐτη.

223 2031 314 2092 XVII.
335 2049 357 2088 ε.
371 2028 436 2088 Ὅτι
452 2022 588 2106 πλείστας]
602 2025 682 2103 ἤγουν
695 2025 764 2085 λίαν.
780 2069 811 2078 -
824 2045 846 2086 ε.
862 2025 962 2085 Λαθύν·
1005 2025 1101 2103 μασίας
1118 2031 1262 2107 πολεμικῆς
1276 2032 1415 2112 ἀσφαλοῦς.
1429 2078 1461 2090 -
1478 2034 1546 2094 Καθ’
1561 2036 1695 2116 ἑκουσίαν]
1711 2039 1779 2098 ἓκάκ

145 2145 172 2185 20
185 2140 225 2185 τες
236 2111 280 2175 οὖν
292 2116 322 2175 τό
335 2118 457 2174 πλεῖστον
469 2118 515 2172 τοῦ
526 2115 605 2184 πλού]
616 2112 700 2192 λάθρα
713 2112 743 2170 τδ
754 2111 821 2171 πολὺ
833 2111 963 2171 πλεύσαν-
1004 2136 1064 2181 τως.
1078 2155 1109 2165 -
1117 2116 1242 2195 Ἀνάγκη]
1253 2117 1296 2176 διά
1306 2119 1422 2199 ἀνάγκην
1430 2122 1649 2204 προτερεύουσαν,
1658 2172 1690 2185 ,,
1699 2147 1721 2186 ς,
1731 2128 1778 2187 Καὶ
1789 2148 1810 2187 w

184 2228 225 2272 τες
239 2203 355 2285 ἔφευγον.
1004 2199 1068 2281 πρὸ(
1078 2200 1157 2280 ὀρθὴν
1168 2207 1215 2276 Τῆς
1227 2204 1367 2286 ξυμφορᾶς]
1387 2207 1548 2287 ὀργιζόμενοι
1563 2207 1607 2268 διά
1618 2209 1667 2282 τῆν
1679 2213 1778 2291 αυμόᾶ·

223 2293 328 2354 XVIII.
351 2289 405 2349 Καὶ
419 2286 622 2364 Λακεδαιμόνιοι
634 2286 678 2345 καί
696 2289 720 2346 οί
734 2286 882 2367 ξύμμαχοι]
896 2286 960 2346 ἑκά·
1005 2310 1054 2346 σαν
1066 2291 1152 2357 αὐτοῖς
1163 2291 1299 2373 συμφοράν
1311 2293 1371 2372 περὶ
1385 2295 1513 2367 Μίλητον.

184 2381 253 2461 τεροι
265 2375 392 2451 δηλονότι.
407 2420 438 2433 -
451 2395 472 2434 ³.
484 2371 537 2435 Ἢν
551 2374 578 2433 δέ
589 2397 655 2440 τινες
667 2377 844 2455 ἀφιστῶνται]
860 2375 889 2434 τὸ
903 2402 914 2429 ι
930 2373 961 2446 ἤν
1043 2376 1174 2436 XXVIII.
1195 2376 1430 2457 Ἐπικατάγονται]
1448 2379 1492 2440 ἐπί
1509 2381 1569 2449 τοθς
1583 2383 1738 2457 Ἀθηναίους,
1750 2430 1777 2440 ..

185 2466 213 2524 δέ
229 2488 294 2531 τινες
311 2466 471 2544 ἀφιστῶνται
487 2489 498 2513 ν
514 2459 619 2527 ἔωςτοῦ
634 2489 646 2512 ι
661 2460 706 2519 καὶ
720 2469 773 2528 τοῖς
787 2461 932 2543 ξυμμάχοις
950 2490 962 2515 ν
1004 2459 1172 2543 Ἔύούλοντο]
1185 2463 1215 2522 τό
1231 2462 1301 2538 ἑξῆς,
1315 2464 1452 2526 δόούλοντο
1462 2468 1576 2528 πλεῦσαι
1587 2469 1669 2529 πάλιν
1683 2475 1777 2540 &Tn-

144 2577 171 2616 ει
184 2556 211 2612 ἔν
222 2552 309 2618 ἀλλοις
320 2553 369 2628 ούχ
379 2548 535 2629 εὑρίσκεται.
1003 2554 1139 2627 χιοῦσσαν.
1148 2595 1180 2609 ..
1189 2572 1211 2612 α.
1222 2552 1453 2632 Προςδεχομίνων]
1465 2557 1707 2636 προςδοκησάντων,
1718 2601 1746 2612 ..
1753 2580 1773 2621 ε,
1786 2590 1807 2628 3

222 2640 286 2700 XX.
307 2657 329 2696 ε.
345 2633 580 2705 Καίέπικαθελόιν]
594 2633 674 2712 ἤγουν
689 2634 719 2692 ἐκ
734 2633 861 2717 δευτίρου.
1005 2634 1173 2716 Προςάταξεν]
1193 2642 1207 2697 θ
1228 2639 1349 2717 βασιλεὺς
1370 2640 1496 2712 δηλονότι.
1517 2676 1552 2686 -
1575 2663 1597 2704 ε.
1621 2644 1775 2720 Ξυνάταξαν]

223 2728 304 2788 XXI.
325 2728 388 2790 Τοῖς
406 2724 531 2793 δυνατοῖς]
554 2719 623 2779 κατά
636 2723 688 2778 τῶν
709 2721 833 2780 δυνατῶν.
848 2762 883 2771 -
898 2725 962 2789 Τοῖς
1004 2722 1084 2802 ἤγουν
1094 2724 1299 2807 συνηρίθμησαν.
1314 2727 1371 2785 ἀντὶ
1384 2733 1446 2801 τοῦ,
1465 2728 1612 2800 κατόταξαν
1629 2735 1667 2800 εδς
1677 2733 1708 2794 εδ
1719 2733 1777 2796 ἴδιον

183 2813 334 2895 γεωμόροις]
345 2811 477 2892 γειομόρος
490 2815 504 2869 δ
517 2810 565 2882 τὴν
579 2815 627 2889 γῆν
642 2809 763 2890 μερίζων.
1004 2811 1165 2890 στράτευμα.
1620 2858 1621 2861 η

222 2903 313 2964 XXII.
334 2901 390 2962 Καὶ
414 2903 465 2958 τῶν
490 2896 597 2956 αὐτόθεν
627 2896 783 2977 ξυμμάχων]
810 2898 889 2977 ἤγουν
909 2903 960 2958 τῶν
1043 2900 1146 2958 XXIX.
1168 2896 1272 2967 Πάσαις
1288 2901 1345 2966 ταῖς
1359 2899 1436 2960 ναυσὶ
1447 2900 1582 2982 διέδωκεν]
1598 2905 1715 2967 ἀντὶτῶ
1731 2909 1777 2975 τοῖς

144 3008 171 3049 ao
184 2989 265 3051 Χίων.
284 3036 316 3049 -
335 2988 450 3067 Παρῄει]
473 2987 650 3066 παρῆλθε.-
673 2985 779 3065 Κύμης]
799 2987 960 3065 σημείωσαι,
1003 2983 1135 3051 ἀντάσαις
1143 2985 1334 3053 ταῒςναυσί.-
1346 3004 1369 3048 ε.
1381 2988 1562 3067 Παραδοῦναι]
1577 2989 1655 3050 ἕνεκα
1670 2997 1807 3063 τοῦτα-ω

184 3078 263 3153 Κύμη
274 3076 384 3147 πλησίον
396 3072 533 3139 Φωκαίας.
1003 3070 1135 3151 ραδοῦναι.
1149 3117 1180 3129 ..
1193 3071 1331 3152 Μαλακός]
1343 3073 1428 3153 ἀργός.
1441 3111 1476 3124 -
1489 3069 1659 3150 Μαλακδςῆν
1670 3081 1729 3163 περ]
1737 3087 1776 3141 τοῦ

223 3164 328 3224 XXIII.
349 3181 370 3219 α.
381 3157 517 3230 Αὐτοόοεί]
529 3160 629 3235 ἀκμιᾶς
640 3161 710 3235 βοῆς.
721 3178 788 3218 -ια
800 3159 959 3238 Κατασχόν-
1003 3159 1107 3236 μισθοῦ]
1126 3157 1207 3238 ἤγουν
1227 3162 1275 3218 οὐκ
1292 3161 1399 3228 ἐντόνως
1416 3159 1475 3220 ούδί
1496 3164 1615 3244 σφοδρῶς
1632 3166 1736 3239 ἀπῆτει.
1751 3213 1776 3224 -

183 3274 224 3317 τες
235 3252 260 3317 ἐς
270 3248 314 3308 τδν
327 3247 434 3326 λιμίνα]
446 3244 661 3323 ἀλλιμενίσαντες.
671 3288 703 3304 ..
715 3264 738 3305 ε.
750 3244 788 3307 ‘A
802 3246 960 3324 πυνθανόμε·
1002 3242 1170 3324 Παρατείνει
1181 3250 1252 3318 ναῦς]
1263 3245 1333 3320 πλῆν
1347 3246 1367 3306 ε’
1390 3252 1454 3307 νεῶν
1465 3247 1549 3307 πλεῖν.
1560 3296 1593 3309 -
1603 3232 1778 3332 ὩμολαγῆθηΙ

182 3339 235 3416 νος]
249 3335 279 3395 τὸ
291 3335 362 3406 όξῆς·
383 3332 400 3390 θ
416 3331 580 3412 δἈστύοχος
599 3335 651 3391 τῶν
672 3355 701 3390 τε
714 3331 839 3411 Ἐρεσίων
851 3333 895 3392 καί
908 3337 960 3392 τῶν
1002 3336 1061 3402 σαν]
1076 3331 1302 3413 σννεφωνῆθησαν.
1318 3342 1321 3348 ’

144 3451 171 3491 τι
184 3422 256 3485 Κίων
274 3426 337 3481 νεῶν
355 3418 558 3496 πυνθανόμενος,
580 3417 666 3478 οιίκέτι
683 3416 727 3477 ἐπὶ
739 3416 788 3489 τῆν
802 3421 955 3494 Μιτυλῆνην
1041 3420 1133 3479 XXX.
1156 3417 1418 3500 Διακληρωαάμενοι]
1432 3420 1630 3502 διεμερίσαντες
1640 3424 1739 3508 κλῆρφ,
1787 3453 1808 3494 γ,

188 3510 202 3536 U
474 3530 481 3540 ,
590 3508 607 3525 '¹
1208 3505 1217 3533 θ
1736 3516 1752 3533 u

184 3504 1779 3678 3⁰:523·..·;.¹.¹.‘.z²{}⁰÷.223i‘:=’3.201‘32<z.{XII}‚IV:Isssfflzgxtss‘ssfzztmffi

184 3685 295 3745 Λίσόον.
1002 3678 1090 3739 δύνειν
1101 3679 1225 3760 δμῆρους
1241 3721 1273 3734 -
1285 3699 1308 3740 ε.
1322 3679 1374 3740 Διά
1387 3679 1446 3748 τὼς
1457 3681 1579 3759 ἀνόμους]
1592 3685 1723 3754 ἀνανςίως
1733 3688 1777 3759 θιγ-

223 3773 327 3832 XXIV.
349 3767 490 3828 Ἀπόύσσιν
521 3766 705 3845 ποιησάμενοι]
736 3767 880 3835 ἀποόάνιες
907 3771 959 3827 τῶν
1000 3769 1085 3828 λονότι
1099 3768 1183 3835 ὄντας.
1198 3800 1233 3810 ·-
1248 3767 1443 3846 Ἐςύαλόμενοι]
1457 3776 1690 3851 τειχομαχοῦντες,

144 3890 171 3931 w
184 3861 255 3920 νεῶν.
265 3888 301 3902 ·-·
311 3855 387 3919 Μετθ
401 3854 511 3934 κράτους
523 3858 569 3925 τῆς
581 3858 638 3932 γῆς]
657 3853 723 3930 μετθ
737 3859 781 3913 τοῦ
796 3857 900 3936 κρατεῖν
914 3861 961 3928 τῆς
1041 3858 1161 3918 XXXII.
1184 3854 1312 3938 Σφιίλμα]
1323 3854 1371 3927 τῆν
1384 3849 1470 3929 ἤσσαν
1481 3853 1564 3936 λόγοι.
1577 3902 1610 3914 -
1621 3859 1680 3920 Καὶ
1691 3881 1777 3941 χειμα·
1787 3888 1810 3925 ιο

183 3951 239 4026 γῆς.
253 3992 283 4005 -
297 3967 318 4005 ο.
334 3942 464 4020 Βεύαίως]
478 3940 566 4007 ὄντως.
581 3980 615 3989 -
630 3943 664 4001 EI
677 3939 705 3999 δί
717 3963 743 3998 τι
756 3944 784 4000 ἐν
797 3943 850 4010 τοῖς
864 3946 960 4024 ἀνθρω-
1002 3948 1110 4005 αθειαῶν
1124 3947 1176 4003 τῶν
1188 3947 1263 4016 νεῶν]
1276 3945 1356 4023 ἤγουν
1370 3946 1564 4024 διασπαρεισῶν
1578 3944 1630 4005 θτδ
1643 3950 1775 4028 χειμῶνος.

184 4034 265 4099 ποίοις
275 4038 320 4091 τοῦ
335 4029 391 4111 βίου
404 4027 562 4109 παραλόγοις
574 4027 723 4108 ἀσφάλησαν
737 4036 777 4099 ...]
790 4028 816 4087 εί
825 4053 865 4102 τι,
877 4031 957 4112 φησὶ,
999 4077 1032 4090 -
1045 4051 1067 4091 ε.
1083 4033 1172 4110 Αὐτῷ]
1188 4031 1268 4109 ἤγουν
1281 4034 1318 4112 τῷ
1332 4029 1472 4113 Ἀσωόχιμ.

184 4119 258 4203 παρὰ
272 4118 347 4197 λόγον
367 4115 528 4198 ἀσφάλησαν,
549 4113 616 4192 μετά
633 4115 737 4172 πολλῶν
757 4114 958 4198 συνεξῆμαρτον.
1041 4119 1175 4178 XXXIII.
1196 4107 1235 4178 'fl
1245 4116 1308 4196 μῆν]
1318 4117 1778 4200 ύντως.-Πρσςόαλόιν]ἤγοννάλλν

184 4206 319 4286 τοῦτογάρ
331 4205 385 4265 ἔστι
396 4201 623 4283 τδιῆνάμσρτίαν
635 4201 807 4279 συνίγνωσαν.
820 4224 884 4263 -ο,
897 4207 960 4286 Εἰρ-
1002 4203 1116 4282 μενίσας.
1128 4250 1160 4263 -
1176 4207 1219 4285 w
1237 4211 1358 4288 στρατιᾷ]
1374 4203 1455 4283 ἤγουν
1470 4205 1517 4264 σὺν
1532 4208 1567 4283 τῇ
1584 4216 1707 4289 στρατιᾷ.
1723 4208 1777 4285 ἤτοι

145 4333 171 4372 4,
184 4295 300 4376 γομόνοις
307 4288 351 4353 οὖν
358 4293 445 4359 αὐτοῖς
454 4292 465 4371 ]
475 4291 532 4350 ἀντὶ
539 4295 597 4364 τοῦ,
610 4292 734 4357 ἀναύτοῒς
741 4290 897 4370 είργομίνοις
905 4294 960 4351 δνε-
1002 4299 1176 4371 πανστρατιᾷ.
1191 4331 1223 4346 .-
1233 4309 1254 4349 ε.
1273 4288 1430 4371 Ἀφειμίνοι]
1448 4291 1502 4351 ἀπὸ
1519 4295 1573 4352 τῶν
1586 4293 1740 4365 Ἀθηναίων.
1750 4338 1778 4352 ..
1788 4320 1810 4360 ιε

184 4384 310 4464 χείρησάν
323 4404 398 4446 τινες.
1001 4397 1024 4437 ε.
1039 4376 1267 4448 Ἆναζητῆσαντες]
1283 4375 1476 4456 βασανίσαντες.

224 4472 311 4532 XXV.
333 4488 354 4530 ε.
371 4465 489 4546 Ἑώρων]
503 4468 527 4523 οί
541 4463 676 4536 Μιλῆσιοι.
690 4504 723 4515 -
737 4486 759 4526 ο.
774 4464 818 4525 Τά
836 4466 905 4525 ὅπλα
918 4466 975 4535 τί-,
1043 4466 1170 4524 XXXIV.
1191 4462 1301 4546 Ὧςπερ]
1319 4464 1420 4536 ἀπειδῆ.
1434 4507 1465 4519 -
1480 4463 1667 4546 Ὁρμῆσασαι]
1679 4467 1724 4527 ἀπὶ
1735 4466 1767 4527 τά

185 4564 280 4628 θενται]
295 4554 374 4633 ἤγουν
388 4552 560 4611 ἀποτίθενται.
1001 4555 1053 4610 τῶν
1067 4551 1149 4611 Χίων.

224 4647 325 4706 XXVI.
347 4640 471 4718 Ὣσονού]
487 4640 566 4716 ἤγουν
581 4639 638 4716 μετ’
650 4638 746 4718 ἀλίγον.
761 4683 790 4694 -
806 4638 960 4718 ’Κνάγοντος
1042 4640 1158 4698 XXXV.
1180 4658 1202 4698 ε.
1213 4637 1426 4716 Ξυλλαμόάνειν]
1440 4643 1554 4723 βοηθεῖν.

148 4762 173 4800 ιο
186 4730 399 4802 ξυνεπιλαύόσθαι
424 4727 463 4805 ...]
487 4728 567 4805 ἤγουν
597 4726 728 4793 πείθοντος
750 4726 959 4807 συνεφάψασθαι,
1042 4726 1174 4785 XXXVI.
1195 4721 1482 4806 Ἔφερον1θπόμειναν.
1497 4766 1528 4776 -
1542 4726 1643 4786 αἘπὶ
1658 4727 1811 4810 Θηραμδςς

185 4820 249 4888 ῶςτε
267 4818 312 4877 καὶ
332 4815 379 4888 τὴν
395 4814 599 4891 ὑπολειπομένην
620 4812 728 4891 δύναμιν
748 4817 799 4871 τῶν
819 4810 960 4884 Ἀθηναίων
1002 4819 1069 4883 νους]
1084 4810 1202 4871 ἐνώπιον.
1451 4850 1455 4858 -

186 4907 342 4964 καταλῦσαι.
362 4941 396 4951 -
414 4902 461 4969 Ὡς
477 4901 616 4980 Ἀστύοχον
633 4900 677 4959 τόν
697 4899 827 4980 ναύαρχον
845 4921 959 4980 πραςτα·
1043 4899 1189 4959 XXXVII.
1210 4917 1233 4958 ε.
1254 4897 1492 4976 Λακεδαιμόνιοι]
1515 4901 1540 4958 οἱ
1563 4897 1712 4982 ξύμμαχοι]
1729 4905 1778 4960 τῶν

144 5056 148 5064 ,
187 4996 289 5074 χθεῖσαι
298 4985 843 5070 κομίσαι]προςταχθέντοςτῷθηραμίνει
855 4988 961 5064 ἀγαγεῖν
1003 4983 1307 5060 Λακεδαιμονίω-ε,
1323 4983 1661 5065 Κοινῇ1γνύμηδηλονόιτ.

188 5074 541 5160 πριιίιιιιχιιιιςιιο..
981 5053 985 5132 ί
1042 5073 1206 5135 κκκνιιι.
1228 5070 1776 5156 καηιιμιαφιοιιι-ικςαιγο
