3676 5828
702 348 875 411 εειιοιιι.
895 348 942 427 ιι,
965 357 1109 412 εε-ιι.
1675 391 1708 444 ,γ

108 523 140 537 ..
154 486 201 547 Ἔν
218 486 256 565 τῷ
274 483 361 563 δεινῷ]
379 484 418 563 τῷ
435 479 553 560 πολίμιρ.
572 508 606 522 -
624 476 798 550 Ἐκπλήσσει]
815 476 879 546 ἐξω-
927 480 1017 551 πλεον]
1029 478 1060 538 τδ
1073 477 1121 556 μέν
1137 478 1339 560 ἐπιστρέψαντες
1353 470 1433 554 εἶπεν,
1445 479 1486 540 ότι
1499 474 1531 554 ήν
1543 481 1598 541 άνω
1618 484 1709 559 εἰπὼν,

109 581 209 649 Θεῖται,
224 569 351 650 ἐκκρούει.
365 607 397 622 -
408 588 431 630 ε.
449 565 493 628 Τδ
509 565 537 626 δέ
554 564 651 638 πολλά]
666 564 724 624 ἀντί
736 569 781 624 τοῦ
794 567 829 632 ῶς
842 563 886 623 ἐπὶ
928 565 1018 639 ἐπειδὴ
1030 566 1088 626 κατ’
1099 567 1199 626 εὐθεῖαν
1214 565 1315 626 ἔπλεον·
1330 571 1374 627 νῦν
1387 567 1414 627 δέ
1426 568 1521 628 ούκίτι·
1536 570 1566 630 τὸ
1579 570 1606 630 δέ
1621 595 1709 649 μετω-

109 661 140 719 τὸ
153 658 230 721 πολύ.
242 659 290 717 ούκ
302 647 360 715 εἶπε
373 654 401 714 δέ
416 653 470 727 άεί,
483 651 526 712 διδ
538 653 569 712 τδ
580 652 676 726 άδηλον
690 656 738 724 ιη”ς
750 650 841 731 τύχης.
853 685 885 697 -
927 653 1020 727 πηδδν,
1034 653 1114 713 πάλιν
1127 653 1224 714 τὸκατ’
1235 656 1335 715 εὐθεῖαν
1345 655 1432 715 πλέειν
1445 656 1510 716 ἐστί·
1521 657 1552 717 τὸ
1560 657 1611 739 γδρ
1624 658 1696 737 μίτω

109 769 132 807 7.
145 744 352 827 Πρός-γενόμενα]
362 740 562 823 προςκτηθέντα.
571 761 642 802 -ε,
653 741 818 820 Θαρσοῦντες
830 728 886 816 σύν]
927 765 976 801 πον
987 746 1033 814 τῆς
1046 741 1109 809 νεὼς
1120 746 1137 814 ἡ
1148 741 1241 824 πρώρα
1257 742 1322 804 ἐστί.
1337 742 1408 824 λέγει
1428 735 1474 804 οῦν
1486 744 1526 804 ότι
1539 744 1572 805 τά
1585 744 1709 824 μέτωπα,

82 837 134 894 εοί
149 833 271 911 ἐπίλογοι.
284 857 315 868 -·
332 829 438 911 Χοίραν]
459 829 516 887 ἀντὶ
532 833 577 887 τοῦ
591 827 674 896 τάξιν.
690 861 731 872 -
743 847 765 887 ο.
781 828 843 886 Τῶν
858 823 886 884 δέ
927 828 1010 889 ὅέστι
1023 827 1057 888 τέ
1070 829 1195 910 πρόςωπα
1209 833 1261 889 τῶν
1274 834 1353 906 νεῶν,
1370 840 1498 912 παρεῖχον
1510 841 1563 900 τοίς
1574 833 1736 901 ἐναντίοιςι

109 921 234 1003 πρότερον
263 917 409 999 ἡγεμόνων]
436 919 489 976 τῶν
519 912 808 994 καταναυμαχηθίντων
834 911 886 973 ύπδ
927 951 968 963 -
980 936 1002 977 ιι.
1017 919 1080 978 Τῶν
1094 916 1133 996 δί]
1145 921 1197 976 τῶν
1211 920 1275 976 νεῶν
1287 921 1340 977 τῶν
1354 918 1503 991 Ἀθηναίων.
1515 951 1550 960 -
1563 919 1709 1000 Ἐξέωσαν]

110 1007 272 1091 Φορμίωνος
284 1005 355 1083 λέγει
371 1003 398 1063 δέ
412 1002 472 1071 τούς
485 1003 545 1084 περί
558 1001 690 1082 Μαχάονα
707 1000 753 1060 καί
766 998 886 1081 Ἰσοκρά-
927 1003 1058 1073 ἐξίκλιναν
1071 1008 1118 1077 τῆς
1132 1003 1304 1085 προκειμένης
1318 1007 1386 1065 όδοῦ.
1399 1009 1416 1084 §
1429 1006 1493 1088 πρὸς
1514 1005 1562 1080 τήν
1575 1013 1625 1087 γῆν
1638 1010 1710 1069 ἐκεῖ·

109 1120 166 1169 την.
181 1129 222 1142 -
238 1093 295 1166 Τήν
316 1091 489 1172 ἐπιχείρησιν]
501 1094 548 1162 τῆς
561 1092 785 1172 παρασκευῆςτοῦ
805 1086 885 1148 πυλά-
926 1091 1116 1164 λαιέποίησαν.
1129 1117 1170 1139 -ε-
1183 1092 1351 1173 Ἔξένευσαν]
1365 1093 1588 1173 ἐξεκολύμύησαν.

110 1208 161 1261 μου
180 1180 306 1255 δηλονότι.
321 1209 353 1220 -
367 1183 403 1241 Οί
419 1177 448 1237 δέ
465 1177 568 1256 ἐγαθοί]
583 1173 887 1256 οίγενναῖοι.-Τιμοί·
966 1181 1040 1241 xci.
1061 1178 1167 1259 Ταύεη]
1187 1179 1278 1248 ούτως.
1301 1180 1318 1251 ἦ
1338 1180 1395 1240 ἐντὶ
1415 1188 1460 1242 τοῦ
1488 1183 1557 1242 κατὰ
1574 1189 1652 1244 τοῦτο
1679 1184 1710 1244 τδ

70 1299 96 1339 ιι
109 1272 209 1349 σονται]
220 1268 277 1328 ἐντί
290 1272 336 1327 τοῦ
348 1265 543 1345 τιμηθήσονται.
927 1264 1012 1346 μίρος.
1023 1302 1064 1313 -
1076 1266 1131 1327 Καί
1141 1265 1277 1346 ἴσχουσαι]
1286 1267 1502 1345 ἐλλιμενίζουσαι.
1515 1270 1583 1343 άλλη
1593 1272 1662 1351 ἀρχή
1679 1271 1709 1331 τδ
1726 1305 1751 1344 10

52 1398 58 1404 -
146 1359 332 1422 Lxxxvlss.
349 1352 552 1431 Ξυνιστάμενοι]
570 1349 802 1433 συναθροιζόμενοι.
816 1386 848 1402 -
860 1368 883 1411 ε.
926 1351 972 1412 καί
980 1351 1347 1434 ίσχουσαι.-Ἀντίπρωροι]
1354 1352 1462 1434 ἐχουσαι
1473 1355 1520 1422 τὰς
1530 1356 1637 1437 πρώρας
1645 1357 1710 1439 πρδς

106 1447 164 1519 Τὴν
184 1445 299 1523 ἀξίωσιν]
317 1441 365 1516 τήν
383 1450 486 1522 πεῖραν.
502 1467 533 1478 -
549 1437 658 1512 Μηδένα
726 1443 882 1520 ὑποχωρεῖν]
925 1437 955 1497 τδ
975 1437 1089 1517 πίλαγος
1105 1437 1216 1519 ὁρώσας
1236 1445 1281 1498 τοῦ
1299 1437 1350 1520 γάρ
1371 1440 1473 1522 φεύγειν
1493 1441 1650 1505 ἐπαύσαντο.
1669 1481 1710 1492 -

106 1534 253 1613 σημείωσαι
266 1531 314 1604 τήν
326 1529 454 1598 σύνταξιν.
926 1524 1104 1608 Ἀντίπρωροι]
1116 1527 1250 1606 ’γεγονυῖαι
1265 1525 1392 1600 δηλονότι.
1408 1561 1448 1574 -
1464 1527 1504 1588 Τδ
1522 1528 1706 1604 Ἀπολλώνιον]

145 1623 299 1684 Lxxxlx.
320 1639 342 1680 ε.
360 1621 422 1679 Τῶν
439 1612 515 1699 νεῶν]
531 1613 659 1697 γράφεται
678 1616 730 1673 τῶν
748 1612 882 1677 ἐναντίων.
925 1613 993 1694 ίερδν
1004 1614 1166 1682 Ἀπόλλωνος
1177 1617 1250 1696 ἐντῷ
1260 1612 1355 1692 λιμίνι.
1366 1618 1481 1676 -ο.οί
1492 1615 1566 1695 δί]οί
1577 1620 1711 1678 Πελοπον-

67 1739 91 1778 ιι
106 1746 146 1758 -
158 1707 340 1786 Ξυνεκάλεσα]
351 1709 386 1773 εἰς
400 1704 493 1764 ταῦτδν
505 1703 660 1781 συνήγαγον.
675 1736 716 1747 -
725 1693 808 1763 Ούτοι
819 1700 881 1782 γάρ]
925 1701 1019 1773 νήσιοι.
1027 1736 1068 1748 -
1076 1701 1134 1775 Τὴν
1144 1701 1352 1781 ύπόλοιπον]τήν
1361 1702 1552 1784 ύετερήσασαν.
1563 1725 1633 1767 -ε,
1645 1705 1708 1768 Ὁλ-
1726 1747 1749 1786 1⁵

104 1803 129 1859 οί
145 1794 358 1873 Λακεδαιμόνιοι.
372 1820 413 1840 *-
427 1811 450 1855 ε.
464 1792 512 1852 Ἐν
526 1791 629 1871 ἐκείνῳ]
641 1791 667 1848 ἐν
678 1793 711 1869 τῇ
723 1790 882 1871 πεζομαχίφ.
925 1788 984 1867 κάς]
997 1793 1014 1860 ή
1030 1788 1158 1872 ἐμπορικὴ
1176 1795 1238 1858 ναῦς
1250 1790 1315 1850 ἐστί.
1332 1824 1370 1836 -
1385 1811 1409 1852 ς.
1425 1791 1497 1871 Πρδς
1510 1790 1559 1863 τήν
1576 1792 1603 1862 ἐξ
1621 1792 1709 1874 ἐλίγου

103 1882 236 1946 -Οὗδέν
244 1882 412 1963 προφίρουσι]
421 1877 490 1939 κατά
501 1878 548 1948 τὴν
560 1876 720 1958 ναυμαχίαν.
731 1910 772 1923 -
785 1895 807 1938 ε.
821 1880 884 1938 Πα-
926 1878 996 1956 άντ.]
1008 1876 1051 1935 διὰ
1064 1877 1095 1936 τδ
1109 1875 1213 1956 ἐγγύθεν
1227 1876 1376 1938 άντεπιέναι
1388 1878 1448 1946 τοὺς
1459 1878 1616 1952 Ἀθηναίους.

104 1969 218 2054 ραπολύ]
239 1967 522 2051 ύπερύαλλόντωςω-
539 1987 561 2027 ε.
585 1968 644 2027 Ούκ
665 1963 698 2024 δν
715 1965 884 2043 ἧγοῦνται]δ
965 1965 1053 2026 xcll.
1075 1964 1248 2045 Ὑπίμειναν]
1256 1964 1373 2035 ἐδίξαντο
1382 1965 1568 2044 τδέμύάσιμον
1577 1971 1628 2027 τῶν
1637 1968 1709 2040 Ἀθη-

103 2066 161 2128 νοῦς
180 2058 272 2130 οὕτως,
292 2062 417 2135 ἡγοῦνται
431 2057 455 2114 οί
468 2054 555 2136 ἐχθροί
573 2052 610 2132 με]
626 2052 795 2112 ἀνθίστασθαι
806 2057 880 2128 ἡμᾶς
924 2051 1013 2113 ναίειν.
1026 2089 1066 2100 -
1079 2052 1133 2113 Τδν
1147 2053 1300 2134 Πάνορμον]
1314 2053 1469 2130 σημείωσαι·
1488 2059 1503 2114 ὁ
1517 2055 1664 2137 Πάνορμος.
1678 2095 1710 2108 -

62 2175 92 2213 20
105 2145 236 2218 ἄλλως,ἣ
252 2142 393 2223 μίλλοντάς
405 2167 431 2202 τι
443 2144 560 2222 γενναῖον
580 2139 687 2221 πρᾶξαι.
703 2173 743 2186 -
760 2160 783 2201 ε.
799 2139 883 2200 Ἀντί·
926 2158 948 2198 ε.
959 2138 993 2201 ‘fl
1015 2141 1087 2218 ναῦς]
1102 2140 1191 2221 ἧπερέ
1206 2138 1254 2211 τήν
1264 2139 1363 2199 δλκάδα
1372 2140 1708 2223 καταῶσα.-Ἔσφαξεν
1722 2181 1748 2219 ,0

102 2238 192 2306 παλοι]
205 2235 355 2316 θαρροῦντες
364 2229 553 2291 διαπαλαίειν.
563 2230 720 2309 -ΗολλῷΙ
731 2230 769 2309 τῷ
784 2225 881 2309 μίτριρ.
924 2226 1027 2306 ἔαυτόν]
1041 2226 1194 2289 Λακωνικόν
1210 2226 1240 2287 τό
1253 2226 1375 2309 φρόνημα
1392 2232 1482 2299 τοῦτο,
1498 2226 1535 2306 μή
1551 2227 1595 2287 ὑπ’
1608 2231 1707 2309 ἐχθρῶν

102 2358 143 2370 -
153 2325 210 2384 Οὐκ
224 2314 439 2400 ἐναγκαζόμενοι]
461 2322 549 2396 ἡμεῖς,
564 2314 683 2388 δηλονότι
700 2318 725 2376 οί
740 2315 880 2387 Ἀθηναῖοι.
925 2312 1034 2382 άξιῶσαι
1048 2317 1222 2396 ἀναιρεθῆναι.
1238 2349 1278 2360 -
1293 2335 1316 2375 ε.
1328 2317 1385 2386 Τῆς
1398 2316 1507 2396 τροπῆς]
1518 2316 1576 2375 ἀντὶ
1588 2321 1632 2375 τοῦ
1644 2315 1709 2396 ὑπὲρ

102 2446 143 2458 -
155 2431 176 2470 ε.
188 2407 275 2470 Ἑκὼν
287 2398 364 2485 εἶναι]
382 2403 508 2485 παρίλκει
527 2405 557 2464 τδ
571 2395 637 2463 ε’ίναι
655 2401 724 2462 κατά
744 2402 882 2475 συνήθειαν
923 2404 970 2472 τῆς
984 2406 1089 2483 τροπῆς.
1105 2405 1122 2480 §
1136 2402 1169 2462 Ἡ
1180 2399 1299 2469 σύνταξις
1307 2400 1395 2469 ούτως·
1407 2405 1442 2469 ὡς
1454 2402 1612 2474 νενικηκότες
1623 2403 1707 2463 ἕνεκεν

102 2495 230 2568 Ἀττικήν·
245 2492 317 2554 ούδέν
329 2491 380 2574 γάρ
394 2493 421 2550 ἐν
433 2499 491 2558 ταῖς
501 2489 633 2558 τοιαύταις
644 2488 779 2558 συντάξεσι
795 2491 880 2561 δηλοῖ.
923 2492 971 2560 τῆς
983 2493 1081 2568 τροπῆς
1093 2492 1145 2548 τῶν
1158 2492 1221 2548 νεῶν
1237 2488 1267 2555 άς
1280 2488 1342 2570 πρὸς
1353 2494 1386 2568 τῇ
1398 2493 1432 2569 γῇ
1443 2489 1599 2572 διίφθειραν.
1609 2527 1650 2538 -
1662 2490 1708 2559 ‘Ae

61 2620 88 2660 ,γ
101 2618 143 2630 -
153 2575 350 2662 Ἐπιπλεύσειε]
363 2579 432 2638 κατὰ
451 2582 502 2637 τῶν
518 2577 640 2636 ἐναντίων
653 2575 766 2638 ἐπίλδοι.
780 2611 821 2623 --
833 2576 881 2650 Μή
923 2574 986 2655 πρδς
1000 2579 1033 2655 τῇ
1053 2580 1088 2655 γῇ
1106 2581 1178 2648 ναῦς]
1199 2574 1257 2634 ἐντί
1271 2581 1315 2635 τοῦ
1332 2574 1375 2635 διδ
1392 2574 1438 2643 τδις
1456 2583 1526 2645 ναῦς.
1548 2609 1583 2618 ·-
1596 2599 1618 2639 ε.
1639 2578 1708 2641 Ὓπδ
1721 2616 1747 2656 2³

102 2671 171 2750 ἔχων
182 2669 231 2742 τήν
242 2667 364 2750 πρόςοψιν
377 2669 429 2725 τῶν
443 2664 588 2743 πολεμίων]
603 2663 640 2742 μὴ
652 2667 719 2745 δρῶν
732 2662 792 2732 τούς
805 2666 883 2724 πολε-
922 2661 1017 2742 νύκτα]
1032 2664 1089 2722 άντὶ
1097 2669 1143 2722 τοῦ
1150 2661 1219 2722 κατά
1232 2660 1281 2735 τήν
1291 2662 1382 2723 νύκτα.
1396 2699 1437 2710 -
1446 2685 1469 2725 τ.
1479 2667 1520 2725 Οὐ
1534 2667 1624 2746 πολλῷ
1633 2665 1707 2725 flm-

102 2757 185 2834 μίους.
198 2755 302 2816 -Ἐκ
319 2753 429 2832 πολλοῦ]
442 2751 526 2811 λείπει
543 2750 728 2829 διαστήματος.
743 2785 784 2797 -
802 2749 880 2812 Διίκ·
925 2756 979 2829 ρον]
995 2750 1053 2827 μετ’
1065 2750 1162 2831 ὀλίγον.
1175 2786 1216 2796 ·-
1229 2755 1286 2823 Τῆς
1300 2750 1491 2832 ἀναχωρήσεως
1502 2755 1553 2810 τῶν
1568 2756 1641 2825 νεῶν]
1656 2756 1706 2812 τῶν

101 2844 173 2922 πλοι]
186 2843 217 2902 τδ
236 2840 378 2921 ἐμῦάλλειν
396 2838 442 2898 καί
459 2839 601 2918 διασχίζειν
621 2837 670 2911 τήν
688 2841 740 2898 τῶν
758 2838 881 2898 ἐναντίων
924 2838 1056 2900 ἐναντίων.

100 2930 182 3000 τάξιν.
195 2927 366 3010 ’λναοτροφαί
376 2927 404 2986 δὲ
416 2925 607 2993 αίείςτούπίσω
616 2925 808 3008 ὑποχωρήσεις,
820 2931 882 2985 ἐνα·
963 2927 1066 2988 xclll.
1089 2927 1273 3011 Ἐπικρατεῖν]
1285 2927 1384 3007 ἰσχύειν
1395 2927 1454 2995 τούς
1466 2927 1622 2997 Ἀθηναίους.
1634 2964 1674 2975 -
1684 2948 1706 2991 ε.

60 3039 88 3082 au
101 3016 221 3099 κάμψεις.
231 3050 272 3062 ·-
282 3015 329 3076 Ἐν
342 3013 436 3094 τούτῳ]
449 3015 476 3072 ἐν
489 3016 527 3095 τῷ
539 3015 708 3093 πεζομαχεῖν.
722 3047 763 3059 -
773 3034 796 3074 ο.
811 3011 881 3074 Τού-
923 3012 963 3073 Τδ
976 3014 1129 3096 ὑπηρίσιον]
1140 3014 1281 3097 ύπηρέσιόν
1295 3019 1351 3074 ἐστι
1365 3016 1394 3074 τό
1408 3019 1490 3087 κῶας,
1503 3005 1525 3088 εἷ)
1537 3016 1707 3089 ἐπικάθηνται
1720 3059 1747 3101 ,0

100 3129 152 3164 των
160 3103 207 3183 μέν
218 3095 262 3164 οῦν
275 3101 369 3182 ἐγὼ...]
382 3100 413 3160 τδ
423 3098 582 3181 ἐπιχείρημα
596 3102 626 3160 ἐκ
638 3105 684 3160 τοῦ
696 3098 879 3181 συμφόροντος,
923 3102 947 3161 οί
959 3100 1106 3181 ἐρίσσοντες
1119 3102 1162 3162 δεδι
1175 3103 1206 3162 τδ
1217 3102 1254 3182 μή
1268 3101 1450 3182 συντρίόεσθαι
1461 3105 1547 3162 αὐτῶν
1558 3102 1604 3171 τδις
1612 3105 1705 3184 πυγάς.

100 3229 141 3240 -
153 3192 197 3254 Τά
208 3215 237 3251 τε
250 3189 497 3272 παραγγελλόμενα]
508 3186 541 3247 τά
554 3193 601 3261 τῆς
617 3186 794 3268 παραινέσεως
807 3185 879 3268 ἐργα.
921 3233 953 3244 -
966 3192 1096 3263 Πλεῦσαι]
1116 3190 1169 3250 ἐπδ
1187 3195 1273 3250 κοινοῦ
1290 3189 1320 3249 τὸ
1337 3189 1428 3249 ἐδόκει.
1447 3225 1478 3236 -
1489 3209 1511 3250 ε.
1531 3190 1705 3272 Ἀφικόμενοι]

99 3317 140 3328 -
153 3279 259 3358 Ὀξέοις]
286 3276 441 3344 σπουδαίως.
465 3311 506 3323 -
549 3302 582 3349 ης
598 3274 767 3359 ἐφορμήσεως
789 3271 879 3360 ούοης]
921 3277 1125 3359 εἶςτδλίίγαρα
1140 3277 1366 3350 δηλονότι.-Τδ
1385 3277 1706 3361 ἐκροντήρισν1τδΒούδο·

99 3372 151 3428 τῶν
164 3365 306 3444 πολεμίων.
319 3365 419 3425 -Ἐν
432 3366 471 3444 τῷ
485 3363 553 3443 ίργιρ
566 3358 708 3447 κόσμον...]
720 3363 778 3434 ήτοι
797 3364 823 3421 ἐν
841 3366 879 3444 τῷ
920 3391 964 3448 ρον
978 3365 1149 3444 καλούμενον.
1167 3406 1190 3414 --
1210 3365 1304 3437 Κενάς]
1323 3369 1376 3424 τῶν
1390 3367 1491 3446 ἀνδρῶν
1505 3366 1634 3437 δηλονότι.

60 3485 86 3525 εε
102 3455 209 3537 πολίταιν
223 3453 319 3531 κόσμον
334 3452 407 3533 ξχοσο
425 3451 471 3510 νο]
483 3450 567 3530 σνγῆν,
581 3450 627 3510 κο]
641 3449 772 3532 σομοίρον
783 3447 811 3508 ἐν
824 3456 879 3516 σοῖο
965 3457 1064 3518 XCIV.
1082 3452 1212 3535 Φρυκτοί]
1231 3454 1340 3535 φρυκτοί
1351 3455 1401 3512 εἰσι
1416 3453 1552 3531 λαμπάδες
1569 3453 1635 3521 τινές
1654 3455 1706 3514 άπδ
1720 3503 1745 3542 χ

100 3548 230 3620 μετιοῦσιν
248 3537 388 3601 ἐπιτοπολύ
408 3536 442 3597 τδι
453 3537 599 3616 πολεμικά,
622 3536 669 3596 καί
690 3536 806 3617 μάλιστα
826 3537 879 3602 τοῖς
920 3542 1002 3613 ξύλων
1013 3540 1155 3621 γινόμεναι,
1166 3539 1277 3608 άςτινας
1295 3539 1466 3619 βαστάζοντες
1481 3541 1578 3600 άνοιθεν
1589 3544 1641 3600 τῶν
1653 3565 1706 3600 τει·

99 3635 287 3710 ναυμαχοῦσιν.
919 3635 973 3711 χῶν
982 3629 1121 3707 ἐσήμαινον
1129 3632 1182 3696 τοῖς
1191 3625 1706 3708 πλησιοχιύροιςήτοῖςσυμμάχοις,ότ’άν

139 3721 197 3781 XC.
214 3715 277 3778 Ἐπί
289 3712 424 3795 τεσσάρων
437 3711 589 3791 nidmu]
603 3710 662 3770 ἐντί
673 3716 721 3772 τοῦ
732 3710 802 3772 κατά
815 3711 878 3771 τία-
918 3742 989 3786 τινας
1002 3717 1088 3798 ἐώρων
1101 3716 1241 3793 πολεμίους
1249 3714 1379 3792 ἐπιόντας,
1392 3719 1426 3783 ὡς
1434 3714 1474 3775 ὅτι
1488 3717 1526 3775 δεῖ
1539 3715 1706 3799 προφυλάξα-

100 3829 182 3888 σαρας
195 3803 275 3871 αύτές
291 3800 455 3873 ποιήσαντες.
474 3833 515 3846 -
525 3798 591 3860 Ἐπί
601 3799 662 3878 τήν]
676 3799 735 3858 ἐντί
745 3805 790 3859 τοῦ
805 3797 878 3880 παρὰ
920 3812 989 3867 σθαι.
1001 3807 1030 3865 ὠ
1042 3804 1119 3883 μόνον
1131 3803 1158 3863 δέ
1168 3804 1211 3863 ἐπί
1225 3802 1356 3881 πολεμίων
1370 3810 1446 3864 τοῦτο
1457 3802 1570 3863 ἐποίουν·
1583 3803 1707 3864 άλλδκαί

59 3922 87 3960 ιι
102 3890 299 3965 τήν-Ἔσω
312 3888 413 3949 ἐπίτοῦ
433 3886 544 3966 κόλπου]
559 3885 679 3968 ἐσωτέρω
693 3890 745 3946 τῶν
760 3885 839 3948 Ῥίων
851 3888 878 3943 ἐν
920 3893 964 3954 ἐπὶ
991 3893 1088 3975 φίλων,
1108 3891 1145 3951 ὅς’
1168 3891 1201 3950 ἂν
1216 3891 1305 3971 ἑώρων
1331 3891 1452 3970 βοήθειαν
1464 3890 1706 3972 ἐρχομίνην,ἐσή-
1719 3935 1745 3975 40

99 3984 137 4061 τῷ
151 3978 270 4063 Κρισαίῳ
287 3977 387 4058 κόλπῳ.
402 4008 441 4020 -
461 3995 485 4036 τ.
506 3974 572 4035 Ἐπί
587 3975 609 4033 δ’
623 3977 706 4056 αὐτῷ]
722 3978 761 4056 τῷ
778 3977 877 4055 κίρατι.
921 4006 1012 4061 μαινον
1029 3980 1109 4040 πάλιν
1125 3978 1169 4039 διδ
1183 3983 1235 4038 τῶν
1247 3983 1377 4061 φρυκτῶν,
1395 3984 1431 4047 ὡς
1442 3981 1471 4038 ού
1484 3979 1703 4061 δεῖθορυύεῖσθαι.

99 4103 139 4114 -
152 4068 215 4130 Ἐπί
224 4060 273 4140 τήν
283 4063 456 4143 Ναύπακτον]
468 4064 519 4122 ἐσω
532 4061 583 4143 γάρ
597 4065 624 4122 ἐν
637 4065 675 4144 τῷ
689 4060 780 4144 κάλπη)
793 4061 877 4122 ἔκοντο
921 4069 966 4130 καί
983 4069 1020 4129 ὅτ’
1032 4068 1063 4128 ἐν
1074 4067 1122 4145 μέν
1131 4068 1219 4149 φίλους
1229 4067 1349 4145 ἐδήλουν,
1359 4066 1504 4136 ἐύάσταζον
1512 4066 1571 4134 τούς
1580 4067 1706 4149 φρυκτούς

91 4161 117 4228 ,ἡ
131 4156 297 4223 Ναύπακτος.
311 4188 352 4200 -
361 4151 465 4231 Ταύτῃ]
485 4173 519 4227 τῃ
530 4151 592 4230 ὁδῷ
606 4183 647 4194 -
655 4168 679 4209 ³·
694 4147 727 4210 Ὁ
737 4146 832 4225 ἐέωμ
850 4148 878 4208 δέ
920 4160 1084 4239 ἠρεμοῦντες·
1094 4153 1131 4213 ὅτ’
1143 4154 1175 4213 δν
1186 4153 1213 4213 δέ
1222 4154 1377 4230 πολεμίους,
1388 4153 1487 4213 ἐκίνουν
1496 4152 1556 4220 τούς
1565 4154 1705 4235 φρυκτούς,

99 4243 227 4325 Φορμίων
245 4246 280 4311 ὡς
293 4240 363 4321 ἑώρα
380 4237 440 4306 τούς
458 4234 697 4308 Πελοποννησίοοτι
716 4235 788 4294 ἄνοον
809 4234 878 4295 νοτία
922 4246 1057 4315 δηλοῦντες
1074 4241 1119 4301 τδν
1132 4240 1224 4324 φόύον.
1241 4276 1273 4288 -—
1288 4239 1434 4311 Ἐκπληξις
1445 4239 1556 4320 ἐγένετο]
1565 4245 1619 4308 τοῖς
1631 4241 1706 4315 Ἀθη-

58 4361 86 4401 ιι,
100 4329 215 4401 σπουδήν
224 4328 283 4396 τούς
294 4325 454 4407 στρατιώτας
464 4320 710 4402 ἐμύιύάσαςείςτήν
721 4329 784 4382 ναῦν
796 4320 872 4381 ἐπλει
920 4332 1009 4399 ναίοις,
1022 4369 1053 4382 ..
1062 4333 1097 4391 Οἱ
1121 4327 1169 4406 μέν
1182 4327 1234 4408 γὰρ
1248 4329 1279 4387 ἐν’
1290 4331 1327 4407 τῷ
1343 4326 1428 4399 άστει]
1444 4325 1516 4394 όντες
1530 4326 1657 4398 δηλονότι.
1675 4362 1705 4374 -
1714 4371 1745 4410 4⁶

99 4453 139 4464 ..
152 4416 352 4497 Προςεδέχοντο]
373 4414 492 4486 ἤλπιζον.
508 4447 549 4458 -
567 4410 634 4492 Περὶ
652 4411 690 4492 τῷ
709 4409 813 4491 χωρίῳ]
832 4414 878 4482 τῆς
922 4418 1065 4503 ᾙρῆσδαι]
1079 4415 1232 4477 ἑαλωκέναι.
1247 4451 1278 4461 -
1290 4411 1374 4476 Ὅσον
1392 4415 1449 4485 οὐκ]
1466 4412 1524 4472 ἐντί
1539 4419 1584 4473 τοῦ
1599 4415 1704 4494 σχεδόν,

99 4504 259 4566 Ναυπάκτου
279 4501 404 4574 δηλονοσν·
423 4533 464 4545 -·
480 4496 592 4579 Ἐροίμῳ
607 4484 673 4577 άντι]
695 4496 813 4578 βοηθοίοτ
832 4498 879 4569 ἐν·
920 4508 955 4573 ῶς
967 4506 997 4563 τὸ
1011 4501 1159 4582 μονονουχί.
1170 4541 1201 4553 -
1210 4503 1332 4568 Ἐςπλεῑν
1342 4499 1444 4573 αύτούς]
1458 4499 1516 4560 άντί
1525 4505 1571 4560 τοῦ
1581 4499 1621 4560 ότι
1641 4501 1706 4579 μόλ-

98 4592 193 4651 δονοσῑ·
207 4626 248 4640 -
258 4593 283 4651 Τ
284 4587 316 4660 ἦν
327 4589 388 4667 Υῆν]
399 4586 447 4658 *ἦν
462 4586 559 4645 οἷνοῖσν
571 4586 698 4658 δηλονόοο·
710 4621 751 4630 -
763 4605 786 4645 ⁴·
801 4582 880 4645 Κατὰ
921 4595 1010 4652 λουσιν
1021 4593 1130 4659 ἐςπλεῖν.
1149 4627 1181 4642 -
1192 4610 1214 4649 ε.
1227 4588 1410 4659 Βοηθήσαντες
1425 4586 1493 4665 μετὰ
1514 4591 1576 4668 βοῆς
1590 4591 1704 4670 συνδρα·

100 4679 162 4757 μίαν
180 4680 223 4739 ἐπὶ
236 4678 333 4760 κέρως]
349 4679 384 4744 ὡς
407 4674 438 4735 ἐν
456 4676 479 4733 εί
491 4674 579 4752 ἔλεγε,
592 4674 655 4752 μίαν
671 4676 880 4734 κατακολουθοῦ-
923 4679 1020 4758 μόντες.
1036 4716 1067 4729 -
1079 4697 1101 4739 ³.
1115 4676 1200 4739 Ούδέν
1212 4676 1359 4755 στίγουσαι]
1377 4675 1446 4755 ύδοιρ
1458 4674 1585 4747 δηλονότι.

58 4807 85 4845 ω
100 4791 148 4827 σαν
170 4771 203 4847 τῇ
223 4764 309 4846 ἑτέρᾳ.
321 4769 398 4823 τοῦτο
411 4761 461 4844 γάρ
473 4761 503 4822 το
514 4762 558 4821 ἐπὶ
571 4761 653 4842 νίροντ
666 4762 750 4833 δηλοῖ·
763 4797 804 4806 -
815 4760 879 4820 Ἀπο
961 4768 1046 4828 XCV.
1069 4765 1201 4838 Σιτάλκης
1214 4769 1227 4824 ό
1241 4764 1347 4844 Τήρεω]
1358 4766 1472 4822 ἐντεῦθεν
1483 4761 1518 4821 τὰ
1526 4762 1650 4846 Θρφκικδ
1659 4765 1704 4825 καί
1718 4806 1744 4844 ⁶9

100 4853 209 4931 σημείου
224 4849 289 4934 ἑνός]
309 4855 344 4918 ὡς
364 4849 395 4909 διν
419 4852 441 4908 εί
458 4849 556 4928 ἐλεγεν,
575 4850 604 4907 οὐ
624 4847 755 4919 δεηδίντες
775 4850 879 4908 πολλῶν
923 4854 1054 4914 Σιτάλκου
1069 4851 1245 4933 ἐπιστρατεία.
1258 4887 1298 4898 -
1312 4851 1365 4911 Δύο
1382 4849 1548 4929 ὑποσχέσεις]
1562 4850 1618 4908 ἀντὶ
1631 4874 1704 4929 γενι-

100 4939 326 5021 παρακελεύσεων,
340 4936 483 5002 άλλέύθύς
502 4940 633 5003 ποιοῦντες
651 4934 715 5014 ὅπερ
736 4935 828 4994 ἐδόκει.
848 4933 879 4993 τδ
923 4946 970 5013 ιιῆς
990 4946 1007 5013 ἡ
1033 4938 1165 5010 αἰτιατική
1183 4939 1314 5004 Ἀττικῶς.
1335 4937 1483 5014 οημείωσαι
1504 4937 1648 5019 παρόμοιον
1666 4941 1704 5019 τῷ

101 5027 128 5084 δέ
143 5028 252 5104 σημείου
270 5026 328 5084 ἀντὶ
341 5030 385 5083 τοῦ
400 5023 497 5101 μιλίου.
522 5021 629 5081 δύναται
644 5021 671 5080 δέ
689 5021 773 5101 λέγειν
793 5021 839 5081 καί
849 5021 879 5080 τδ
921 5031 1004 5108 [nom.
1018 5038 1064 5088 od,
1079 5039 1116 5101 Μ,
1130 5034 1180 5097 ιιι]
1194 5025 1261 5085 «δύο
1274 5024 1320 5103 μὲν
1340 5023 1461 5084 σκόπελοι
1473 5030 1488 5085 ὁ
1501 5023 1550 5102 μίν
1563 5024 1679 5105 ὠρανόν,
1693 5055 1703 5076 ι.

102 5112 230 5191 σύνῦημα.
244 5145 277 5153 -
293 5111 512 5193 Ἐπιστρέψαντες
531 5108 577 5177 τδς
597 5114 659 5178 ναῦς
678 5109 832 5188 μετωπηδὸν
853 5107 880 5168 ἔ·
923 5117 989 5196 §U
1004 5115 1162 5197 ἱστορίαι-ῆς
1172 5114 1304 5196 παρούσης
1316 5110 1704 5192 ύποόίσευιςίχειούτως.Ὰλί-
1772 5184 1775 5188 λ
