3676 5828
193 332 251 400 1'06
859 323 1029 385 SCHOLIA.
1051 325 1110 403 Vl,
1132 335 1258 387 ιι-οο.

194 471 268 552 θόριν
283 472 319 534 εἰς
335 464 393 532 τοίας
405 460 485 529 θεούς.
501 495 540 506 -
553 480 576 520 ο.
592 456 724 527 Μειζόνως
739 453 900 533 ἐλάμόανον]
916 455 974 514 ἀντί
1016 455 1133 525 ἐξουσίαν
1151 456 1239 532 φησίν.
1256 492 1297 502 -
1316 479 1338 519 ε.
1355 459 1588 540 Προςετετελέιιει]
1610 458 1798 540 προςανῆλωσι

193 564 240 619 τοῦ
254 555 374 615 ὑπόθεσιν
387 550 520 622 ἐξήταζον,
536 545 703 626 ἐμεγάλυνον.
1015 580 1055 589 -
1073 544 1227 626 Μεταῦολῇ]
1242 544 1362 616 ὠνῆσεως
1378 546 1419 617 δῆ.
1434 583 1475 592 -
1494 569 1518 608 ιι.
1535 549 1653 625 Τόλμης
1666 571 1697 606 τε
1710 547 1798 624 θάρίνι

233 645 369 706 XXVIII.
392 638 447 700 Καί
457 635 616 712 ἀκολούθων]
625 634 706 711 ἤγουν
718 620 972 702 δούλων-κῗΩν]
1017 634 1060 711 ...]
1071 631 1193 706 ἔκπληξίν
1203 656 1231 692 τε
1244 633 1390 714 παρασχὼν
1405 633 1448 694 διδ
1462 635 1511 708 ιῆν
1521 634 1628 710 τόλμαν
1642 634 1724 694 πλέον
1736 637 1797 716 ἤπερ

194 735 253 806 ἤτοι
273 736 323 790 τῶν
343 726 513 804 ποιουμένων,
532 724 549 796 ἤ
570 728 622 782 τῶν
644 719 827 790 πεποιηκότων
847 717 919 777 νέων.
935 754 975 764 —-
1014 725 1052 802 τῷ
1064 721 1133 780 κατὰ
1143 725 1242 794 πλῆθος
1253 722 1388 802 ὑπερέχειν
1398 725 1450 782 τῶν
1464 723 1604 783 ἐναντίων.
1618 758 1660 768 —-
1675 724 1797 802 mm

168 833 182 869 ε
195 815 452 894 Ὕπολαμῦάνοντες]
471 813 551 891 ἤγουν
569 806 750 885 λαμῦάνυντες
768 809 794 865 ἐν
813 809 849 887 τῷ
863 810 914 886 νῷ,
929 805 974 864 καί
1014 808 1065 881 ἤδη
1076 809 1211 882 διάπλους]
1224 813 1253 870 οὔ
1262 834 1282 890 χ
1284 811 1370 891 ρόνου,
1382 809 1450 869 ἀλλά
1459 811 1549 870 τόπου.
1561 847 1606 857 -
1615 813 1683 874 Ἐπί
1694 814 1816 894 μεγίστη,

195 905 394 989 προςδεχόμενοι
406 899 486 967 αὐτὰ,
501 897 564 965 ῶςτε
576 893 716 954 πιστεύειν.
728 928 768 938 -
781 893 972 972 Ἔμεγάλυνον]
1015 897 1111 977 ἐλπίδι]
1132 898 1237 977 μείζονα
1255 898 1407 966 ἐλπίσαντες
1425 899 1546 971 δηλονότι
1560 903 1612 972 τῆς
1633 902 1797 983 θπσρχμίσης

195 996 275 1072 ἤγουν
290 974 326 1059 είς
343 989 448 1067 μέγεθος
464 978 570 1066 ἤροντό
586 983 717 1062 ἔγκλημα.
736 1017 776 1027 -
792 981 974 1059 Ἐπιλίγοντες
1014 985 1158 1062 δυνάμεως,

195 1079 337 1160 τεκμήρια]
350 1077 429 1153 ἤγουν
440 1073 593 1138 ἐπιύοῶντες
602 1069 703 1149 ἐκείνῳ.
713 1103 754 1114 -
763 1071 804 1129 Οὔ
815 1069 972 1148 δημοτικήν]
1053 1075 1171 1134 ΧΧΧΗ,
1194 1073 1336 1151 Ἐςζχεπογ
1351 1072 1536 1144 mmmm
1550 1075 1566 1105 ν
1582 1074 1735 1136 gmaeomo
1745 1086 1797 1144 ταῖς

194 1169 274 1247 ἤγουν
289 1166 335 1237 τὴν
351 1165 400 1234 ἔξω
413 1169 458 1221 τοῦ
474 1162 544 1227 ἔθους
557 1164 603 1231 τῆς
617 1156 804 1238 δημοκρατίας.
1013 1159 1099 1218 ναυσί.
1117 1194 1158 1204 -
1177 1164 1220 1240 Τῇ
1236 1160 1283 1238 μὲν
1305 1160 1442 1238 σάλπιγγι]
1457 1160 1501 1218 διδ
1519 1166 1569 1233 τῆς
1588 1162 1744 1244 σάλπιγγος
1762 1200 1797 1211 -

157 1288 182 1326 ω
235 1257 337 1316 XXIX.
359 1257 416 1322 Τῆς
429 1247 608 1330 παρασκευῆς]
621 1250 668 1316 τῆς
680 1247 825 1323 πολεμικῆς
836 1243 972 1311 ὁπλίσεως.
1016 1247 1085 1328 Παρ’
1099 1246 1171 1306 άπαν
1183 1247 1213 1325 τὸ
1224 1246 1387 1329 στράτευμα]
1401 1246 1482 1324 ἤγουν
1496 1247 1540 1306 διδ
1549 1250 1653 1318 παντὸς
1665 1257 1714 1310 τοῦ
1724 1275 1796 1333 σςμν.
1805 1273 1824 1311 μ

194 1379 234 1390 -
247 1341 434 1422 Ἐπεπόριστο]
455 1335 602 1396 ἐτετέλεστο
618 1338 647 1394 ἐκ
663 1339 707 1393 τοῦ
719 1339 863 1413 πορισμοῦ.
884 1375 921 1385 -
940 1336 973 1392 EI
1013 1333 1149 1411 τεύματος.

195 1431 217 1490 δ’
236 1428 390 1505 ἀπολυθείη]
410 1429 461 1483 τῶν
481 1421 653 1501 ἐγκλημάτων
674 1421 800 1492 δηλονότι.
819 1456 860 1465 -
876 1441 898 1480 ι.
920 1419 974 1481 Καί
1054 1424 1184 1482 XXXIII.
1206 1421 1274 1504 Περί
1293 1427 1339 1482 τοῦ
1359 1422 1470 1482 ἐπίπλου
1490 1427 1538 1495 τῆς
1556 1423 1687 1496 ἀληθείας
1706 1427 1795 1508 θέρων]

195 1514 400 1596 ἐπεμαρτύρετο]
424 1512 469 1571 καὶ
493 1508 689 1589 διεμαρτύρετο.
713 1543 752 1552 -
773 1505 972 1587 Ἄποδέχεσθαι]
1014 1509 1072 1582 ἤτοι
1085 1510 1145 1590 περί
1157 1515 1203 1568 τοῦ
1218 1512 1321 1583 ἀληθῶς
1334 1511 1427 1579 αὔτοῦς
1441 1513 1572 1571 ἐπιπλεῖ,
1585 1539 1618 1549 -
1632 1511 1674 1574 Ἦ
1688 1514 1797 1592 λέγω,

195 1600 402 1682 ἤγουνδέχεσθαι
414 1603 448 1666 ὡς
460 1597 574 1677 βεόαίας.
587 1595 802 1661 -ι.Δεδιότες..
815 1596 835 1673 .]
848 1593 975 1676 ροόούμε·
1013 1597 1031 1669 ἤ
1054 1597 1275 1679 ἀπαγγέλλοντες]
1294 1599 1383 1677 ἤγουν,
1402 1597 1478 1682 ἣάρ’
1499 1603 1604 1659 ἑαυτῶν
1624 1601 1746 1681 λέγσνννς
1756 1604 1796 1662 u't

157 1713 181 1750 ιε
194 1715 234 1751 νοι
246 1692 276 1750 τδ
288 1689 437 1768 στράτευμα
451 1690 486 1752 ὡς
496 1688 542 1744 οὔκ
554 1684 640 1742 εὔνουν
656 1685 751 1748 αὔτοῖς.
766 1682 893 1764 γράρεται
905 1681 932 1740 δὲ
947 1680 973 1741 ἔν
1014 1687 1223 1764 λογοποιοῦντες,
1234 1686 1252 1757 ἢ
1263 1689 1484 1767 ἀπαγγέλλοντες,
1495 1685 1522 1755 ἐξ
1535 1686 1634 1769 ἐτέρων
1645 1688 1824 1759 mma

195 1802 261 1851 τισι,
276 1777 313 1856 μὴ
326 1775 413 1835 εὔνουν
430 1773 486 1853 ἔχη·
501 1773 546 1831 καί
567 1769 766 1848 ἀκουστέον,μῆ
782 1770 834 1850 ἄρα
849 1768 937 1828 εὔνουν
951 1761 969 1850 ἤ
1014 1774 1029 1805 ⁴
1043 1774 1211 1835 σωσάντων,
1229 1804 1261 1816 -
1274 1773 1368 1851 Ὅμως
1387 1773 1415 1833 δὲ
1433 1776 1463 1834 ,η
1481 1775 1713 1857 mmmm
1730 1778 1795 1859 ml]

198 1866 225 1925 τὸ
236 1865 386 1945 στράτευμα
398 1866 435 1943 τῷ
451 1859 614 1939 Ἄλκιῦιάδη.
630 1893 671 1903 -
682 1857 851 1937 Ἀπίτρεπον]
868 1855 917 1928 τῆν
931 1858 974 1915 δί-
1014 1863 1104 1940 ἤγουν,
1117 1860 1188 1939 ὅμως
1201 1864 1230 1921 οὔ
1243 1861 1343 1932 καθέξω
1357 1861 1469 1939 ἐμαυτὸν
1483 1863 1536 1935 ἤδη
1550 1862 1676 1924 mam
1690 1868 1796 1948 gum,

196 1978 254 2025 κην.
268 1988 308 1998 -
321 1945 506 2031 ’λπέσπευδον]
520 1947 601 2026 ἤγουν
619 1946 794 2027 ἀπερρίπτουν
809 1943 876 2023 μετδ
891 1968 973 2004 σπου-
1015 1949 1138 2031 μένουτῇ
1153 1950 1243 2023 πόλει,
1262 1949 1453 2031 καταροάηθείς
1468 1949 1498 2008 τὸ
1513 1948 1588 2018 δοῖαι
1607 1951 1713 2012 ἄπιστα
1727 1954 1798 2035 ρθεγ

196 2044 250 2114 δῆς.
266 2074 304 2085 -
315 2040 365 2099 Ἐκ
380 2037 493 2114 μείζονος
504 2034 668 2104 διαῦολῆς...]
686 2031 837 2112 βουλόμενοι
853 2032 974 2109 μεγάλως
1014 2042 1105 2115 γεσθαι
1118 2036 1163 2095 καί
1180 2040 1210 2097 ἐκ
1226 2037 1318 2096 τούτου
1343 2037 1443 2118 ἀρρονα
1460 2039 1638 2119 ὑπειλῆφθαι.
1655 2069 1689 2082 -
1702 2043 1743 2103 οθ
1758 2066 1797 2100 u·

157 2156 183 2198 ιο
197 2130 273 2189 αὐτὸν
288 2127 431 2198 διαὸαλεῖν,
446 2123 554 2200 ἔμελλον
567 2119 687 2191 αὐξῆσειν
698 2119 745 2190 τῆν
758 2118 882 2190 διαθολῆν
897 2118 975 2178 ἀπόν-
1013 2123 1214 2204 τσρσὸηθως,,,]
1230 2127 1258 2183 ὠ
1272 2123 1456 2205 μοεηθήσομα,
1469 2123 1512 2183 &I
1523 2126 1553 2184 τ’,
1568 2127 1666 2209 ἄψ,
1677 2129 1795 2207 ww,
1805 2146 1825 2184 ¹

194 2243 236 2286 τος
252 2220 337 2276 αὐτοῦ.
360 2216 530 2292 ἐμηχανῶντο
548 2207 576 2267 δὲ
594 2205 814 2290 μεταπεμφθέντα
839 2206 923 2287 αὐτὸν]
937 2209 974 2274 είς
1015 2217 1120 2289 σεσθαι,
1133 2211 1179 2270 καί
1190 2211 1233 2271 διδ
1244 2217 1321 2271 τοῦτο
1333 2212 1470 2284 σιωπήσω.
1485 2238 1517 2253 ·-
1528 2213 1706 2294 Ἔπωχήσω]
1719 2219 1796 2294 ἐμω.

196 2304 340 2384 ἀπολογίαν
354 2304 529 2372 καταστῆσαι.
1015 2299 1058 2360 τδν
1073 2299 1199 2374 δηλονότι.
1213 2331 1243 2342 -
1256 2300 1423 2382 Σαρίστερόν
1435 2325 1460 2360 τι
1477 2301 1566 2382 ἐτέρου
1589 2303 1681 2385 effi]
1698 2304 1797 2384 ὀψε]

236 2395 326 2454 XXX.
349 2395 496 2453 θίεσοῦντος
515 2385 579 2463 ἤδη]
598 2383 629 2443 τδ
654 2389 792 2461 μεσοῦντος
810 2381 898 2462 τρίτης
918 2381 974 2440 ἐστί
1015 2411 1106 2467 στερον
1126 2390 1177 2445 τῶν
1199 2385 1286 2445 ἀλλων
1306 2386 1491 2464 ἐπιστάμενος,
1511 2389 1703 2472 ἀληθέστερον.
1726 2422 1757 2435 -
1776 2413 1796 2453 α,

196 2481 326 2558 συζυγίας·
340 2475 483 2555 130me
497 2476 524 2530 ἓν
538 2471 643 2550 Μθδῑίθ
657 2471 716 2550 [⁰⁰I’
1016 2475 1080 2537 Ἀπδ
1093 2479 1146 2534 τῶν
1159 2475 1343 2555 ὑπαρχόντων]
1360 2478 1485 2537 δυνατῶν.
1497 2506 1530 2519 -
1544 2477 1703 2560 Κάλλιστσ]
1725 2480 1799 2558 ἤγσνν

1017 2560 1196 2641 ἀνδρικώτατα
1216 2562 1262 2620 καί
1275 2561 1470 2643 φρονιμώτατα.
1491 2592 1523 2606 -
1541 2560 1706 2649 Ἀρραχίων]
1724 2569 1825 2647 ἤρων

1017 2649 1119 2709 ἄοπλοι.
1134 2679 1165 2691 -
1175 2669 1197 2708 ι.
1212 2651 1314 2729 Πιστά]
1328 2650 1361 2709 τδι
1372 2656 1420 2724 τῆς
1433 2651 1525 2733 ἐρίδων
1538 2656 1593 2712 τῶν
1608 2654 1761 2729 'mmm
1772 2683 1798 2694 ..

195 2751 311 2817 -Τοῖς
321 2747 431 2825 πλοίοις]
443 2747 495 2812 τοῖς
514 2752 628 2825 μικροῖς,
644 2741 661 2800 ἃ
676 2742 707 2813 δῆ
723 2741 768 2800 καί
782 2740 866 2799 λεπτά
885 2739 974 2799 ἀλλοθι
1017 2736 1263 2817 Κατεργασιῦμεθα]
1283 2736 1496 2816 ταπεινώσωμεν,
1522 2739 1689 2820 νικήσωμεν,
1716 2774 1747 2786 -
1762 2747 1797 2806 03

197 2830 276 2899 εἶπεν.
293 2835 475 2913 -ιΕιιεῖθεν]
488 2833 567 2911 ἤγουν
583 2834 611 2890 ἐκ
632 2835 678 2902 τῆς
694 2827 839 2910 Κερκύρας.
854 2832 974 2889 -Δια-
1016 2822 1065 2903 γδιρ
1084 2822 1130 2895 δῆ,
1166 2823 1303 2904 ἤτύχωσί
1321 2848 1364 2903 γε,
1382 2816 1418 2884 ῶν
1437 2826 1641 2906 προςδέχονται,
1660 2830 1797 2910 ροὸοῦμσι]

195 2927 316 2996 όαλοῦσι]
327 2921 528 2999 διαπλεύσουσι,
538 2917 809 3000 διαπεραιωσομένοις.
820 2951 859 2961 —·
868 2916 972 2984 Ἄναξό-
1016 2914 1045 2970 οὔ
1060 2911 1110 2991 γδρ
1124 2911 1268 2993 φοῦοῦμαι,
1284 2912 1360 2990 φησί,
1373 2912 1409 2990 μῆ
1422 2912 1567 2993 ἐπιτύχωσι
1582 2921 1630 2974 τοῦ
1643 2918 1711 2975 ἑλεῖν
1724 2922 1796 2994 ἡμᾶς.

195 3015 279 3092 μενοι]
298 3013 378 3090 ἤγουν
400 3008 537 3086 μέλλοντες
558 3003 740 3065 ἀναπλεύσειν.
762 3040 803 3049 —
819 3023 841 3063 ν,
861 3000 976 3082 νΟμιλος
1015 3028 1047 3042 ·-
1060 3022 1082 3059 ο.
1097 2999 1200 3075 Ὀλίγοι
1213 2999 1264 3080 γάρ
1281 3001 1313 3072 δὴ
1330 2999 1428 3080 στολοι]
1448 3001 1505 3061 ἀντὶ
1524 3007 1569 3061 τοῦ
1585 3002 1644 3062 οὔδ’
1661 3005 1753 3083 ὀλίγον,
1770 3020 1826 3084 T*

154 3127 181 3169 ω
196 3101 274 3172 ἅπας]
288 3104 302 3158 ὔ
315 3098 352 3176 μῆ
369 3093 594 3176 ἐκστρατεύσιμος.
610 3126 650 3137 --
667 3089 709 3152 Τδι
725 3091 784 3169 μέν]
801 3090 834 3150 τδι
846 3091 915 3149 κατδι
927 3090 973 3162 ιῆν
1017 3085 1213 3166 Κατῶρθωσαν]
1229 3087 1307 3163 ἤγουν
1321 3088 1486 3168 ἠρίστευσαν.
1498 3117 1530 3131 ·-
1543 3094 1610 3151 Τῶν
1622 3091 1796 3172 ἐνοικούντων]

195 3188 329 3249 Σικελίαν.
342 3219 382 3231 —-
393 3182 531 3253 Ἀλλῆλους
548 3175 697 3261 ἀπολιπεῖν]
712 3176 738 3235 οί
748 3203 775 3237 τε
791 3178 910 3246 ἀπιόντες
927 3180 970 3250 δη·
1016 3174 1074 3245 ἤτοι
1087 3177 1138 3231 τῶν
1154 3171 1320 3231 ἐνοικούντων
1334 3175 1391 3241 ταῖς
1403 3176 1600 3255 Συρακούσαις,
1618 3176 1664 3235 ἵνα
1680 3180 1798 3258 dmi.

195 3273 345 3340 λονότιτοῦς
357 3271 479 3349 μένοντας
491 3269 536 3328 καί
549 3271 573 3326 οί
585 3266 702 3344 μίνοντες
714 3265 832 3333 ἐκείνους.
845 3265 976 3334 ·-Ἀξιά-
1015 3259 1161 3327 τοναςτοῦς
1175 3260 1268 3327 ἀλλους
1282 3260 1438 3340 ἀκούσωμεν
1452 3263 1627 3333 Σικελιώτας·
1647 3264 1741 3337 ἤτσθς
1756 3264 1798 3344 μὲν

196 3370 289 3444 χρεων]
301 3360 381 3438 ἤγουν
390 3357 518 3436 μεγάλην,
531 3390 570 3401 ..
581 3353 704 3415 Ἀπιστον
716 3353 843 3433 διάνοιαν]
853 3353 940 3431 μεῖζόν
951 3379 976 3411 τι
1017 3351 1178 3415 ἐνοικοῦντας
1191 3347 1293 3407 δεκτέον
1307 3347 1366 3416 τοῦς
1382 3349 1558 3423 Σικελιώτας,
1571 3355 1797 3431 ᾱσωρείωδ]

195 3456 241 3521 τῆς
254 3447 417 3528 ὓπθθῦψῑως·
1018 3435 1213 3518 Καρχηδονίους
1222 3459 1250 3494 τε
1262 3437 1308 3495 καὶ
1319 3437 1479 3506 Ἰταλιώτας.
1492 3467 1522 3481 -
1538 3440 1637 3499 Πάντα
1648 3441 1701 3522 γὰρ
1713 3442 1798 3514 δῆθσὸ
1807 3453 1826 3492 ιι

156 3572 182 3613 νς
234 3539 337 3600 XXXI.
356 3557 377 3594 ν.
390 3536 519 3613 Τετράκις
530 3530 581 3611 γάρ
589 3529 681 3609 χίλιοι]
691 3533 714 3588 οί
725 3528 792 3605 μετὰ
804 3528 975 3608 Περικλέους,
1017 3522 1088 3590 δέους
1107 3522 1214 3600 ξυνίστ]
1234 3522 1313 3604 δγδιρ
1332 3524 1410 3605 ρόόος
1423 3528 1575 3606 δμορρονεῑν
1592 3529 1739 3606 ἀναγκάζει
1758 3528 1795 3587 καί

197 3625 255 3697 ἤοί
271 3623 338 3703 μετδι
356 3619 493 3700 Ἅγνωνος.
513 3652 553 3663 -
567 3638 590 3678 ν.
611 3616 788 3697 Ἐξαρτυθείς]
804 3640 975 3697 παρασκευα-
1016 3610 1075 3678 τοῦς
1096 3612 1289 3682 στασιάζοντας.
1307 3640 1338 3652 -
1356 3610 1408 3670 Ἦν
1423 3636 1451 3670 τε
1466 3615 1498 3670 δι’
1514 3613 1676 3696 ἀπορίαν...]
1692 3616 1725 3676 ἂν
1738 3616 1795 3699 ἄρα,

195 3714 273 3780 σθείς·
289 3709 458 3789 ἐτοιμοισθείς.
471 3740 511 3752 --
527 3703 697 3776 Ἐκπονηθέν]
712 3703 791 3782 ἤγουν
807 3703 975 3785 ἀπαρτισθίν,
1016 3699 1095 3779 φησὶ,
1107 3701 1139 3756 δι’
1149 3699 1260 3781 ἀπορίαν
1269 3703 1320 3758 τῶν
1330 3699 1482 3772 ἐπιτηδείων
1492 3701 1553 3782 περί
1563 3702 1661 3771 αὔτοῦς
1669 3706 1797 3783 σρσλὶνσι,

197 3799 264 3878 μετδι
280 3804 409 3878 πορισμοῦ
429 3793 563 3854 συσταθέν.
578 3796 595 3869 §
611 3790 723 3851 κτισθέν.
737 3825 778 3836 -
791 3791 936 3872 Ἐπιρσράς
948 3816 976 3850 τε
1017 3786 1092 3854 δοἙαν
1115 3790 1179 3866 ἡμῖν
1200 3787 1386 3868 προςθῆσουσιν
1404 3791 1439 3855 ὡς
1460 3791 1503 3870 ὑφ’
1530 3793 1609 3867 ἡμῶν
1633 3791 1795 3869 νενικημένοι

197 3888 261 3969 πρδς
277 3886 358 3965 τῶ...]
374 3884 465 3953 ἔξωθεν
483 3887 527 3940 τοῦ
544 3880 669 3956 δημοσίου
685 3884 778 3956 μισθοῦ
796 3881 887 3936 ἐκτῶν
901 3879 972 3937 ἰδίων
1016 3903 1048 3915 -
1067 3878 1129 3934 Τῶν
1151 3874 1316 3953 ἐπιτηδείων]
1330 3879 1381 3934 τῶν
1398 3877 1540 3958 τρορίμων.
1556 3909 1588 3920 -
1608 3900 1632 3940 σ,
1647 3878 1737 3961 Ὅπερ
1757 3880 1796 3938 ui
1806 3889 1826 3927 ω

155 4004 183 4046 ω
199 3947 326 4040 ἐπιδόσέις
339 3975 474 4052 παρεῖχον·
489 3973 564 4026 τοῦτο
576 3965 626 4046 γάρ
642 3968 710 4024 ἐστιν
726 3968 753 4023 αἱ
768 3965 897 4047 ἐπιροραί.
914 3968 937 4023 οί
950 3963 977 4023 δέ
1018 3961 1192 4042 Ἀθηναῖοι...]
1206 3962 1265 4043 τρία
1280 3963 1494 4043 πραγματεύεται
1507 3963 1550 4023 διδ
1563 3965 1674 4026 τούτων·
1696 3967 1725 4026 δν
1741 3966 1794 4045 μίν,

197 4064 329 4145 θρανῖται,
340 4058 407 4138 μετὰ
416 4053 583 4136 μακροτέρων
593 4057 689 4112 κωπῶν
700 4053 858 4132 ἐρέττοντες,
870 4053 977 4111 πλείονα
1018 4051 1044 4106 ἀν
1063 4049 1149 4108 ἐλπίδι
1167 4054 1276 4121 ποιῆσαι
1295 4048 1353 4117 τοῦς
1377 4051 1569 4131 Συρακουσίους
1588 4058 1639 4126 τῆς
1658 4052 1748 4129 νίκης,
1766 4057 1797 4121 ὣς

200 4151 278 4210 τόπον
293 4150 380 4228 ἔχουσι
394 4151 445 4205 τῶν
460 4145 554 4203 ἀλλων·
569 4142 613 4200 διδι
622 4147 698 4200 τοῦτο
707 4139 810 4206 τούτοις
824 4140 911 4217 μόνοις
920 4141 978 4197 ἐπι·
1018 4137 1224 4217 σραλησομίνων
1236 4141 1288 4195 τῶν
1300 4138 1440 4211 Ἀθηναίων
1453 4139 1513 4220 περί
1527 4139 1639 4213 αὔτοῦς,
1651 4140 1732 4224 ὅνπερ
1743 4140 1796 4223 *II*

198 4239 281 4306 δόσεις
296 4241 427 4296 ἐποιοῦντο
440 4236 463 4291 οἱ
476 4230 648 4312 τριηράρχαι,
663 4227 722 4308 οὐχί
737 4227 764 4286 δὲ
778 4236 844 4285 πᾶσι
857 4231 911 4293 τοῖς
922 4225 978 4308 ἐρέ·
1018 4246 1067 4281 πον
1081 4225 1233 4305 ἐσφάλησαν
1246 4229 1269 4283 οί
1284 4227 1371 4297 Μῆδοι
1385 4226 1589 4307 στρατεύσαντες
1609 4230 1656 4288 ἐπὶ
1670 4231 1721 4304 τῆν
1736 4230 1798 4292 Ἡ.

198 4350 264 4394 ταις.
278 4361 319 4371 -
331 4323 465 4401 Σημείοις]
477 4320 537 4392 ἤτοι
548 4318 642 4399 κυρίως
656 4315 773 4393 σημείοις
787 4313 873 4392 λέγει,
892 4314 977 4373 καθά·
1019 4311 1095 4371 λάδα·
1110 4311 1196 4393 ἕτερον
1206 4312 1247 4384 δέ,
1258 4313 1288 4372 τδ
1302 4313 1395 4391 μόνους
1405 4315 1612 4398 Συρακουσίους,
1629 4317 1661 4378 ἀν
1673 4316 1798 4403 κατορθοί-
1806 4332 1826 4371 θ

159 4443 185 4482 ω
199 4439 248 4496 περ
267 4413 313 4473 καί
333 4411 367 4469 τδι
389 4407 587 4491 στρατεύματα,
611 4405 639 4478 ἢ,
657 4409 691 4471 ὡς
713 4403 788 4474 ἔνιοι,
812 4405 908 4479 σημεῖα
932 4402 977 4470 τδις
1020 4424 1098 4473 σιυσι,
1117 4403 1200 4460 δοκεῖν
1219 4402 1381 4473 νενικηκέναι
1401 4403 1459 4472 τοῦς
1479 4405 1645 4477 Ἀθηναίους,
1665 4408 1798 4487 ἐπειδῆγι

199 4502 290 4572 IIfflfl‘V
310 4496 481 4580 καταγραφὰς
498 4499 548 4553 τῶν
563 4493 686 4574 τθῑθθων·
706 4526 745 4536 ··
759 4492 805 4557 Ἐς
827 4491 860 4549 τὰ
875 4490 978 4571 μακρό-
1019 4488 1063 4548 ἐπί
1078 4489 1271 4570 Συρακουσίους
1285 4491 1378 4549 ἐκεῖνοι
1390 4492 1593 4572 προηγουμένως
1606 4496 1797 4574 στρατεύοντα,-

200 4599 276 4663 τατα]
291 4590 350 4661 ἤτοι
362 4588 406 4649 ἐπί
418 4587 548 4644 πλεῖστον.
564 4580 723 4661 πολυχρόνια
736 4579 778 4650 δῆ.
795 4613 836 4623 -
851 4578 978 4639 Καταλό-
1020 4577 1074 4652 (καί
1088 4574 1139 4657 γδιρ
1150 4577 1193 4636 τὸν
1204 4580 1305 4650 Μῆδον,
1316 4578 1367 4637 ὑπὸ
1380 4579 1486 4638 πάντων
1497 4581 1666 4658 νενικημένον
1675 4588 1729 4644 ,ὧν
1740 4584 1798 4646 Ἑλ.

201 4702 254 4757 γοις
266 4702 293 4736 τε
304 4700 350 4757 χρ.
365 4677 448 4756 ἐκκρ.]
463 4670 616 4748 καταλόγοις
631 4665 752 4749 ἀκριόέσι
767 4664 921 4744 δοκιμασθίν
933 4665 979 4724 καί
1019 4664 1115 4736 λήνων,
1128 4665 1178 4724 ὔπδ
1192 4665 1277 4742 μόνοιν
1291 4670 1342 4725 τῶν
1357 4667 1497 4738 Ἀθηναίων
1509 4673 1641 4741 ἡττῆσθαι
1655 4672 1799 4751 νενομίσθαι

201 4762 345 4846 προκριθέν.
365 4798 403 4809 -
427 4755 568 4841 Χρηστοῖς]
590 4754 711 4828 ἀληθέσι,
735 4752 976 4834 βεῦασανισμένοις.
1020 4749 1063 4809 διδ
1074 4758 1168 4830 τοῦτο,
1180 4752 1220 4812 δτι
1234 4754 1276 4810 ἐπ’
1290 4753 1396 4825 Ἀθῆνας
1408 4754 1483 4833 λόγος
1494 4748 1526 4827 ἤν
1540 4758 1695 4837 στρατεύων
1707 4759 1828 4837 μῡςίνγιι

283 4849 624 4896 “Ne“
836 4843 849 4857 .
1054 4839 1558 4898 ,,,,,Ηγ
1745 4846 1752 4869 ,

161 4851 652 5020 ’ίηοίῖίιίίίρῖἷιῗίῖἶῖιῖζίίῖί
667 4839 979 5011 Ῑίιίῗίιίζίζίῖίὸίί.ῗ
1020 4841 1799 5009 {XXX{XXXIIIXIIXJXXXXIXXSX

204 5010 405 5106 τῆδειαῦργανα.
417 5045 489 5083 α-ι.
504 5019 686 5104 Ιίροςετοίχθη]
698 5018 784 5097 ἄρχοι.
796 5018 978 5087 -Εἰκασθῦμ
1020 5014 1097 5082 κότος
1111 5014 1154 5072 τὸν
1170 5017 1269 5086 Μῆδον,
1284 5016 1485 5097 παραδείκνυσιν
1505 5020 1592 5085 αὐτοῖς
1610 5018 1653 5078 δτι
1668 5026 1682 5079 δ
1700 5025 1798 5093 Μῆδος,

206 5123 256 5187 ναι]
267 5114 390 5191 είκασμῦν
405 5114 501 5170 δοῦναι.
512 5145 552 5155 -
566 5106 621 5170 Καί
631 5104 755 5178 ἐξουσίας]
771 5103 817 5177 τῆν
829 5103 979 5184 περιουσίαν
1022 5103 1097 5170 αὐτὸς
1116 5100 1176 5182 περί
1198 5104 1284 5182 ἑαυτῷ
1298 5103 1412 5170 πταίσας
1430 5101 1464 5161 τά
1481 5103 1579 5178 πλείω,
1596 5105 1647 5178 τῆν
1665 5107 1742 5177 δόξαν
1758 5112 1799 5179 τῆς

158 2634 185 2672 ει
256 2589 258 2593 ’
289 2611 805 2676 εηιοοανενχηπννωιοιιεεωωωι.
