3676 5828
664 342 840 406 50110111.
862 344 919 416 111,
943 352 995 421 ω,
1012 354 1058 406 τι.
1633 360 1671 413 ⁶5

66 484 166 554 πόλους
179 474 245 544 εῖναι
258 487 291 565 τῇ
304 485 467 564 παρασκευῇ.
480 516 521 528 -
531 480 573 542 Τδ
590 477 631 566 δέ]
645 484 659 541 ὁ
677 480 706 542 δέ
727 481 785 542 ἀντί
802 486 848 541 τοῦ
891 482 979 554 λήλοις
997 481 1124 563 βεθαέως,
1135 487 1211 541 τοῦτο
1224 487 1287 560 ἡμῖν
1300 487 1315 541 ὁ
1328 482 1407 565 φόάος
1422 490 1532 568 παρεῖχε
1554 488 1670 569 βίόαιον,

66 574 129 657 γάρ.
143 573 228 634 -Ὁ
242 571 293 652 γάρ
313 570 527 651 παραόαίνειν...]
544 574 590 642 τῆς
610 571 781 651 συμμαχίας,
799 594 850 650 φη·
891 570 1029 652 φυλάττειν
1042 576 1113 648 ἡμᾶς
1125 569 1172 638 τάς
1186 569 1250 651 πράς
1260 571 1388 643 ἀλλήλους
1396 572 1496 642 πίστεις
1509 576 1552 635 διά
1565 577 1608 637 τάν
1623 580 1671 662 φό-

67 664 117 732 σίν,
133 664 265 740 ὁτολμῶν
280 684 306 719 τι
317 658 469 740 παραθῆναι
486 658 670 740 ἀποτρέπεται,
686 657 850 738 λογιζόμενος
892 657 947 719 όον.
961 662 978 737 §
990 662 1025 720 01
1044 658 1092 736 μέν
1109 658 1237 729 Ἀθηναῖοι
1255 658 1394 740 έφοθοῦντο
1407 660 1466 729 τοὺς
1478 665 1670 738 Μιτυληναίους

64 749 105 809 ὁτι
120 748 273 825 ίσοδύναμος
286 747 322 806 ὧν
338 749 387 807 οὐκ
401 744 432 804 ἀν
443 746 566 814 νικήσειε.
580 746 610 805 τὸ
622 746 693 820 ἑξῆς,
706 745 779 826 ὁγάρ
792 750 850 825 βου·
891 745 918 802 έν
933 745 1056 827 πολέμῳ,
1070 745 1108 823 μὴ
1124 749 1272 818 ἀποστῶσι,
1286 745 1332 805 καί
1351 747 1504 828 ἐθεράπευον
1523 751 1624 821 αύτούς·
1642 758 1666 815 οί

36 837 173 915 ελόμενος
185 835 256 895 λύειν
270 834 317 905 τὴν
332 832 496 914 ουμμαχίαν,
511 837 543 892 ἀν
555 833 599 915 ίδη
611 833 651 893 ὁτι
662 836 691 893 οθ
706 832 784 893 πλέον
800 831 850 902 έξει
892 830 920 890 δέ
934 835 1111 907 Μιτυληναῖοι
1130 822 1270 913 ἀφόόοῦντο
1281 832 1339 900 τοὺς
1353 833 1499 906 Ἀθηναίους
1515 839 1541 896 έν
1556 840 1697 922 ἡσυχίῳ,π

64 927 108 984 διά
121 925 152 984 τὸ
172 923 313 983 ἀντίπαλον
330 915 457 994 εἶναιτὴν
478 923 509 980 δι’
532 921 649 990 ἐναντίας
668 920 849 1002 παρασκευὴν,
892 919 929 997 μὴ
944 920 1112 980 δουλώσουσιν
1125 920 1232 993 αὐτοὺς,
1247 921 1293 980 καί
1307 922 1350 979 διά
1365 926 1441 980 τοῦτο
1455 927 1560 985 ὑπεῖκον
1574 930 1670 996 αὐτοῖς·

64 1012 241 1095 ἀποτρέπεται
258 1016 304 1070 τοῦ
318 1008 490 1091 παραόαίνειν
502 1007 549 1077 τάς
562 1008 701 1081 συνθήκας.
719 1011 736 1086 §
751 1007 807 1067 ἔστι
822 1006 850 1066 δέ
890 1005 955 1074 ώςτε
968 1007 1087 1090 ἑκάτεροι
1108 1007 1151 1068 διά
1164 1006 1244 1090 φόὸον
1259 1013 1393 1088 προςεῖχον
1409 1010 1545 1085 ἀλλήλοις,
1560 1018 1605 1074 καί
1626 1016 1670 1075 διά

63 1104 141 1158 τοῦτο
154 1100 271 1166 αἰτιῶδες
281 1101 327 1156 τοῦ
338 1096 368 1155 τδ
382 1096 524 1156 ἀντίπαλον
543 1095 599 1164 δέος
616 1097 695 1175 μόνον
714 1094 807 1154 πιοτὸν
824 1097 862 1161 ἀς·
891 1101 967 1154 τοῦτο
981 1094 1090 1163 άπιστος
1103 1087 1165 1168 ἦνῆ
1183 1095 1256 1177 φιλία
1276 1095 1438 1178 ἀμφοτέρων.
1456 1101 1560 1162 -Καί
1580 1102 1671 1162 ὁποτέ-

64 1184 224 1266 ξυμμσχίαν.
237 1219 275 1230 -
287 1183 485 1265 Ἀποτρέπεται]
493 1184 702 1265 ἀπείργεται.-
713 1203 735 1244 ε.
745 1182 791 1249 Ἐς
800 1180 849 1253 τὴν
893 1204 944 1263 ροις
955 1183 1094 1262 θᾶσσον...]
1105 1181 1223 1264 ὁπότεροι
1232 1183 1253 1241 δ’
1260 1182 1291 1242 ἀν
1299 1186 1374 1262 ἡμῶν
1383 1183 1498 1265 ἔφθασαν
1512 1189 1671 1269 ἀπαλλαγῆ-

23 1287 50 1326 10
64 1274 161 1356 ἀρχήν]
174 1272 221 1347 τὴν
237 1271 361 1332 δούλωσιν
375 1276 427 1331 τῶν
446 1273 592 1344 Ἑλλήνων.
611 1272 657 1332 καί
677 1270 729 1353 γάρ
743 1269 850 1331 αθτονό-
891 1292 934 1327 ναι
954 1276 1000 1330 τοῦ
1012 1269 1093 1353 φόθου
1106 1270 1152 1329 καί
1172 1274 1315 1351 θαρσῆσαι,
1334 1275 1368 1337 ὡς
1392 1273 1419 1330 ἀν
1437 1273 1566 1356 ἀκινδύνῳ
1586 1270 1669 1351 θντες,
1686 1304 1711 1344 1⁰

64 1386 141 1440 μους,
156 1361 233 1444 φησί,
248 1360 388 1420 κατέλιπον
399 1364 471 1439 ἡμᾶς
486 1364 510 1420 οἱ
533 1360 662 1433 Ἀθηναῖοι
680 1362 710 1419 ού
733 1359 792 1418 κατ’
810 1359 851 1419 εύ·
891 1349 961 1417 οὸτοι
978 1359 1023 1418 καί
1040 1358 1127 1418 λύσειν
1144 1357 1253 1435 έμελλον
1269 1357 1316 1424 τάς
1328 1360 1448 1428 σπονδας.
1462 1396 1503 1407 -
1516 1382 1537 1422 ε.
1551 1364 1630 1431 “stete
1648 1365 1673 1425 εἴ

62 1473 145 1523 νοιαν,
168 1449 226 1510 οθδδ
247 1448 280 1508 δι’
294 1447 360 1507 ἀλλο
382 1472 423 1520 τε,
445 1446 518 1519 ἣίνα
541 1446 575 1507 τά
592 1447 738 1528 πράγματα
763 1449 849 1506 αὐτῶν
891 1447 1061 1526 τῳδοκοῶμεν
1073 1447 1213 1524 ἀδικεῖν...]
1227 1445 1252 1504 εί
1259 1469 1309 1504 τινι
1320 1447 1445 1523 δοκοῦμεν
1453 1447 1546 1508 ἀτοποί
1555 1475 1621 1519 τινες
1634 1444 1672 1513 εῖ-

62 1537 189 1615 γένωνται
209 1535 241 1595 δι’
255 1538 333 1612 ἡμῶν
352 1534 527 1608 καταληπτά,
544 1535 590 1594 καὶ
605 1533 665 1602 τοὸς
680 1533 774 1602 ἀλλους
790 1557 850 1615 χει·
890 1556 949 1611 ναι,
963 1531 1123 1600 ἀποστάντες
1140 1532 1185 1590 ἀπ’
1197 1535 1283 1591 αὐτῶν
1297 1532 1342 1591 καί
1363 1531 1400 1610 μὴ
1415 1535 1601 1612 ἀναμείναντες
1617 1563 1670 1616 μα-

63 1622 199 1705 ρώσωνται
211 1620 362 1695 Ἕλληνας,
376 1621 508 1705 χρώμενοι
519 1621 590 1703 λόγῳ
603 1625 728 1702 εὐπρεπεῖ
738 1626 801 1700 ἡμῖν
814 1625 850 1690 ὡς
891 1621 952 1691 θεῖν,
965 1622 988 1678 εί
1003 1618 1055 1702 ἀρα
1068 1643 1093 1678 τι
1107 1617 1244 1698 γενήσεται
1265 1620 1328 1700 παρ’
1342 1622 1428 1680 αὐτῶν
1446 1627 1563 1704 πρῶτον,
1580 1624 1623 1685 δεά
1641 1627 1672 1686 τά

19 1721 47 1761 ¹⁵
62 1709 272 1791 παραδείγματι,
294 1711 340 1768 καὶ
362 1710 406 1769 ίνα
422 1709 518 1791 έχωσιν
532 1715 602 1787 ἡμᾶς
621 1708 721 1791 ἀφόδων
747 1713 794 1780 τῆς
820 1732 849 1768 τε
891 1707 1052 1788 ἀμόραδῦναι
1066 1713 1144 1767 τοῦτο
1159 1712 1281 1779 ποιῆσαι,
1294 1709 1341 1766 οὐκ
1355 1710 1435 1789 ὀρθῶς
1449 1714 1463 1768 ὁ
1476 1718 1589 1782 τοιοῦτος
1599 1714 1672 1793 λογί-
1689 1732 1712 1770 11

59 1797 169 1877 γνώμης
181 1797 227 1856 καί
240 1801 286 1868 τῆς
299 1796 433 1875 δυνάμεως
443 1798 537 1868 αὐτῶν,
549 1795 684 1867 τουτέστι,
698 1795 848 1876 συνεργούς,
891 1798 972 1864 ζιται.
990 1785 1047 1854 εἶτα
1063 1795 1109 1853 καί
1125 1793 1174 1866 τὴν
1186 1793 1272 1853 αἰτίαν
1284 1793 1385 1873 ἐπάγει.
1401 1799 1423 1854 εί
1437 1796 1488 1878 γάρ
1505 1797 1570 1872 ίσοι,
1584 1801 1672 1881 φησίν,

61 1884 131 1945 ἀλλά
147 1887 246 1962 μᾶλλον
259 1888 306 1956 τῆς
323 1884 438 1964 γνώμης,
454 1888 489 1952 ὁις
502 1883 595 1966 δέλεαρ
614 1882 661 1942 καὶ
681 1884 795 1955 ἀπάτην.
814 1919 849 1929 ·-
891 1885 977 1951 αὐτοῖς
988 1883 1140 1962 θπήρχομεν
1152 1881 1221 1942 κατά
1232 1881 1351 1962 δύναμιν,
1362 1882 1480 1951 ὦςτεκαί
1490 1885 1674 1948 ἀπιάουλεύου·

61 1973 178 2056 Ἐφόδῳ]
187 1972 298 2054 μεθόδῳ.
312 1992 385 2033 -ο,
396 1970 541 2052 Μαρτυρίῳ
550 1973 707 2052 ἐχρῶντο...]
715 1969 849 2052 τεκμηρίῳ
891 1995 930 2031 σιν
949 1975 1036 2039 αὐτοῖς
1055 1969 1302 2045 ἀντεπιόουλιῦσαι,
1322 1971 1367 2031 καί
1391 1972 1568 2052 βραδυνόντων
1587 1979 1673 2036 αὐτῶν

62 2062 179 2141 ἐχρῶντο
193 2063 218 2119 οἱ
234 2060 379 2133 Ἀθηναῖοι,
388 2058 629 2141 καταστρεφόμενοι
641 2057 688 2128 τάς
698 2058 799 2131 πολεις,
810 2061 850 2117 εὖ·
890 2060 935 2119 καὶ
946 2057 1093 2138 μελλόντων
1108 2061 1297 2136 ἀντιμελλῆοαι
1312 2057 1357 2117 καί
1372 2058 1571 2140 ἀντιόραδῡναι,
1581 2062 1607 2123 τί
1618 2063 1671 2123 έδιι

18 2170 49 2209 αο
62 2148 205 2230 προςώπῳ,
226 2147 391 2230 τῇὴμετέρφ
414 2147 571 2228 αὐτονομίᾳ,
588 2146 719 2226 λέγοντες,
745 2150 792 2207 οὐκ
816 2146 848 2206 ἀν
890 2154 961 2228 ἡμᾶς
974 2150 1016 2208 ὁπ’
1032 2146 1137 2215 ἐκείνοις
1149 2145 1307 2226 ταχθῆναιῆ
1322 2147 1463 2207 ὑπακούειν
1477 2152 1577 2224 αὐτοῖς
1591 2152 1670 2211 ὁπότε
1686 2163 1713 2205 ²⁰

62 2235 237 2308 Μιτυληναῖοι
252 2237 308 2312 μεθ’
319 2239 406 2313 ἡμῶν,
421 2233 545 2316 ῖσοψηφοί
558 2257 589 2314 γε
599 2233 670 2301 ὄντες
684 2233 730 2294 καί
744 2234 848 2295 έλεύθε·
890 2237 917 2297 δέ
932 2238 979 2297 οθκ
998 2228 1065 2314 ἦμεν
1086 2235 1152 2307 ίσοι,
1167 2236 1225 2293 ἀλλ’
1247 2235 1287 2294 ἐπ’
1309 2235 1414 2303 ἐκείνοις
1434 2228 1465 2305 ἤν
1481 2237 1512 2296 τὸ
1532 2239 1672 2321 ἀπιχειρεῑν

63 2322 249 2483 ρογ,ἠέδπῄεσφγ
269 2320 383 2427 ἑκόντες,
401 2324 424 2432 ε]
443 2320 481 2400 μὴ
503 2321 610 2469 δικαίὲις
626 2321 848 2481 έπεστρφτεγύφμεν
890 2328 948 2432 καθ’
960 2328 1037 2435 ἡμῶν
1048 2323 1094 2430 ότε
1105 2322 1231 2433 θελουσιν,
1247 2322 1402 2436 έδειιγα]έφ’
1412 2326 1476 2470 ἠῳῖγ
1487 2316 1551 2384 εῖναι
1562 2326 1673 2475 {3310-

61 2435 97 2469 κα
157 2435 217 2470 ικκ
250 2434 363 2479 ιτοιςσυ
408 2433 546 2476 αοις.-
592 2431 767 2469 ·ωντο...ο
808 2433 848 2469 οι-
941 2435 1082 2472 ναιαυτων
1106 2434 1254 2469 πιντιπα
1293 2435 1552 2474 αυτωνπαειν.-
1597 2438 1609 2472 ε
1661 2448 1672 2461 -

61 2499 107 2559 ποί
121 2437 275 2580 σύμρῖαχοι,
289 2432 517 2581 φησλ,μάεκ]ιηρίῳ
531 2432 736 2578 σαφεῖρέμιλλον
752 2497 846 2579 χρήσε-
890 2437 1094 2573 ἀῖῶάναόολήνί
1105 2434 1146 2545 -ρ
1157 2435 1293 2571 Ἔκείνών]
1304 2501 1355 2557 τῶν
1364 2497 1516 2571 Ἀθηναίων.
1529 2534 1567 2545 -
1579 2438 1672 2581 Αθτόί]

18 2604 48 2644 κο
62 2592 122 2647 σθαι
138 2592 171 2667 τῇ
185 2585 299 2666 ἀκουσίῳ
315 2589 391 2662 ἡμῶν
412 2584 469 2661 μετ’
487 2583 630 2656 Ἀθηναίων
648 2583 847 2665 ξυστρατεύσει,
890 2591 966 2668 ἡμεῖς
979 2592 1003 2648 οἱ
1015 2589 1197 2661 Μιτυληναῖοι.
1208 2621 1246 2634 -·
1258 2607 1279 2647 ο.
1295 2587 1524 2668 Ἀντεπιμελῆσαι]
1534 2587 1582 2660 τὴν
1592 2588 1673 2662 αὐτ-λυ
1687 2603 1714 2646 ω

61 2673 101 2734 ότι
122 2674 209 2734 ἀδικοί
230 2665 344 2741 είσινοῖς
357 2671 513 2753 ἀπέρχονται
533 2671 672 2744 Ἀθηναῖοι.
693 2675 716 2731 εἰ
737 2672 775 2751 μὴ
797 2673 848 2756 γὸρ
890 2675 1040 2756 ἐπιμέλειαν
1064 2675 1195 2745 δέξασθαι.
1209 2709 1250 2720 -
1264 2674 1314 2736 Ἐκ
1333 2680 1378 2734 τοῦ
1398 2674 1488 2753 ὁμοίου
1510 2676 1550 2734 ἐπ’
1569 2677 1673 2747 ἐκείνοις
1772 2743 1780 2752 ,

61 2753 130 2834 ἦσαν
148 2767 274 2833 τοιοῦτοι,
293 2763 341 2820 οὐκ
357 2760 389 2819 ἀν
403 2760 514 2827 όκοντας
528 2750 591 2839 ἦγον
610 2759 793 2841 συστρατεύειν
805 2764 849 2820 αθ·
890 2756 969 2845 εῖναι]
983 2764 1062 2844 ἤγουν
1076 2761 1234 2841 κινουμένων
1248 2762 1353 2838 ἀκτίνων
1366 2768 1505 2835 κινηθῆναι
1518 2765 1564 2823 καί
1580 2769 1660 2842 ἡμᾶς.

62 2857 113 2917 τοίς
123 2847 182 2916 τοθς
191 2847 333 2931 ίσοὸιίφους
342 2845 544 2920 Μιτυληναίους.
554 2881 595 2893 -·
606 2846 654 2908 Ἐν
666 2851 704 2928 τόγ’)
714 2849 798 2930 αὐτῷ]
810 2852 849 2930 τῷ
930 2856 1008 2915 ΧΙΜ.
1031 2854 1130 2934 Σαφεῖς
1142 2848 1202 2934 μέν]
1225 2853 1314 2932 σαφῶς
1333 2848 1393 2918 τοὺς
1414 2851 1555 2920 ἀκούοντας
1574 2851 1674 2922 διδάξαι

60 2938 147 2996 λιπεῖν
166 2936 312 3018 ἐλευθέρους
325 2941 404 3014 ἡμᾶς.
419 2939 437 3013 §
452 2936 511 3007 ἤτοι
526 2935 592 3013 ἀμα.
605 2970 646 2982 -
660 2935 707 2996 Ἐν
727 2939 849 3019 τῷμύτῷ
890 2940 1044 3019 δυναμένας.
1059 2973 1100 2985 -·
1114 2934 1242 3022 Εἰκότως]
1254 2937 1435 3016 ἐνδεχομένως.
1449 2974 1490 2985 -
1503 2938 1618 3019 ’ίκανός]
1628 2938 1676 3008 τάς

18 3049 47 3090 ευ
63 3024 201 3106 δέ...]πρδς
211 3024 241 3084 τά
251 3024 297 3084 καί
302 3023 409 3103 γνώμης
419 3024 520 3101 μᾶλλον
525 3022 667 3105 ἀφόδῳμ-
675 3024 729 3083 Καί
740 3022 773 3083 τά
783 3025 849 3105 κρά·
891 3027 976 3095 αἰτίας
981 3024 1108 3098 δηλονότι.
1115 3023 1411 3104 -Ἀποστ-άσεσθαι...]
1421 3024 1490 3085 κατά
1498 3025 1543 3085 δύο
1550 3025 1673 3106 τρόπους,
1688 3047 1716 3088 ευ

60 3121 178 3185 τιστα...]
193 3112 239 3171 καί
255 3111 314 3180 τοὺς
331 3112 486 3191 κρατίστους
505 3115 577 3189 ἡμᾶς
597 3110 641 3169 έπί
664 3109 724 3179 τοὺς
740 3115 848 3171 ἀσθενε-
890 3114 979 3198 φησὶν,
996 3112 1161 3195 ἀφιστάμεθα
1180 3115 1231 3170 τῶν
1253 3111 1404 3183 Ἀθηναίων·
1424 3118 1501 3172 τοῦτο
1529 3111 1590 3190 μέν,
1608 3111 1674 3194 ὁπέρ

60 3199 165 3280 ατέρονς
176 3203 227 3259 τῶν
239 3198 375 3270 Ἑλλήνων
383 3196 502 3280 πρώτους
509 3196 724 3277 παρελάμάανον,
736 3196 788 3270 θνα,
795 3203 848 3258 τῶν
890 3210 937 3264 τοῦ
951 3201 988 3280 μὴ
1004 3202 1097 3260 παθεῖν
1114 3199 1188 3259 αὐτοὶ
1202 3203 1292 3266 κακῶς
1305 3200 1349 3259 ὁπ’
1365 3202 1450 3258 αὐτῶν
1464 3199 1580 3281 ὕστερον·
1597 3206 1674 3260 τοῦτο

61 3288 149 3346 ἀλλων
157 3287 295 3359 Ἑλλήνων
309 3285 518 3368 περιηρημένων,
529 3284 556 3362 (ὁ
564 3289 619 3345 έστι
630 3285 847 3364 δεδουλωμένων]
891 3291 933 3364 δέ,
953 3288 1019 3372 ὑπὲρ
1034 3295 1079 3348 τοῦ
1095 3287 1133 3367 μὴ
1148 3290 1236 3355 κακῶς
1255 3289 1311 3365 μετ’
1327 3286 1468 3361 Ἀθηναίων
1489 3293 1597 3359 ποιῆσαι
1615 3287 1676 3356 τοὺς

61 3374 155 3452 μόνους
170 3379 242 3453 ἡμᾶς
255 3372 419 3440 τελευταίους
432 3372 637 3452 καταλιπόντες,
653 3372 849 3453 ἀσθενεστέρους
889 3377 1041 3452 Ἕλληνας,
1056 3376 1125 3436 ἀλλά
1140 3376 1203 3455 μεθΓ
1215 3379 1288 3454 ὑμῶν
1302 3376 1476 3456 ἐλευθερῶσαι
1492 3375 1591 3443 αύτούς.
1605 3375 1635 3434 τὸ
1647 3374 1674 3435 δέ

18 3487 47 3524 σε
62 3463 138 3532 ῖξωσι
151 3463 216 3541 πρὸς
232 3463 262 3522 τδ
284 3462 466 3539 ἀντιπολεμεῖν
484 3462 571 3528 αύτοῖς
586 3461 721 3522 δύνασθαι.
737 3496 778 3507 -
789 3465 848 3522 Πε-
890 3471 1051 3551 προποιῆσαι
1074 3467 1122 3525 οὐκ
1143 3464 1186 3525 έπί
1207 3469 1244 3545 τῷ
1262 3466 1408 3545 διαφθεῖραι
1428 3464 1487 3532 τοὺς
1507 3462 1673 3538 Ἀθηναίους,
1688 3479 1715 3521 ιο

62 3549 230 3632 ριηρημίνου]
251 3548 457 3631 κεκρατημένον.
472 3552 489 3619 ἢ
505 3547 532 3607 δέ
549 3546 683 3627 matu,
703 3548 748 3607 nal
771 3552 848 3609 ἆσθῐ·
891 3555 949 3615 ἀλλ’
959 3554 1003 3615 έπῖ
1014 3556 1053 3635 τῷ
1062 3550 1187 3634 πρότερόν
1201 3575 1226 3609 τι
1238 3556 1364 3628 ποιῆσαι,
1375 3549 1507 3611 τουτέστιν
1519 3553 1674 3622 ἀποστῆναι.

60 3639 168 3719 νέστερα
183 3637 292 3717 ἔμελλον
312 3636 376 3706 έξειν
390 3635 424 3695 τά
439 3638 577 3695 τελευταῖα
595 3641 640 3695 τοῦ
656 3637 736 3696 ἄλλου
755 3658 849 3718 περιη-
890 3673 923 3681 -
951 3643 997 3703 Ἐν
1021 3640 1131 3723 ὑστέρῳ]
1157 3638 1244 3720 χρόνῳ
1267 3638 1394 3711 δηλονότι.
1418 3673 1450 3684 -
1471 3659 1493 3699 τ.
1523 3638 1556 3698 Ἡ
1586 3638 1675 3716 μέντοι

61 3727 186 3808 ρημίνον.
198 3763 239 3773 -
251 3726 305 3788 Καὶ
318 3723 409 3808 11ράιὸ
421 3749 446 3784 τι
455 3723 507 3806 χρὴ
524 3726 629 3803 ssim]
644 3725 690 3784 καί
706 3730 776 3802 ἡμᾶς
791 3723 850 3793 τοὺς
891 3728 1077 3800 ἀπόστασις...]
1087 3727 1187 3810 σφόδρα
1196 3730 1321 3806 τεχνικῶς
1329 3726 1374 3787 ἐπὶ
1387 3725 1435 3798 τλν
1443 3725 1597 3805 συμμαχίαν
1607 3750 1676 3807 προ-

61 3815 218 3892 δυναμένους
235 3812 385 3893 ἡγήσασθαι
405 3815 500 3873 αὐτῶν.
511 3847 551 3858 -
564 3832 586 3872 1.
602 3813 793 3893 Προςθέμενον]
809 3814 845 3880 είς
890 3817 1014 3899 τρέπουσι
1024 3816 1083 3883 τοὺς
1096 3813 1326 3892 Λακεδαιμονίους·
1336 3812 1376 3873 έτι
1391 3813 1572 3894 ἀπαράσκευοί
1583 3816 1675 3892 έσμεν,

18 3927 47 3964 ευ
61 3903 143 3962 ταθτά
154 3902 284 3962 συνελθόν.
297 3936 336 3947 -
349 3923 372 3962 5.
391 3901 445 3962 Καὶ
466 3899 519 3959 ἀπὸ
536 3900 717 3980 θεραπείας...]
735 3899 849 3982 τέτταρα
890 3910 925 3975 ὡς
937 3904 1040 3986 ταχέως
1051 3903 1222 3970 ἀποστάντες.
1237 3938 1278 3949 -
1290 3903 1457 3982 Ἀπόστασις]
1469 3901 1522 3960 ἀπὸ
1533 3905 1584 3961 τῶν
1597 3903 1674 3976 Ἀθη.
1689 3915 1716 3958 το

60 3989 193 4070 τεκμήρια
214 3989 326 4061 τέθεικε,
346 3991 380 4047 δι’
391 3980 429 4048 ῶν
449 3989 600 4059 συνίστησιν
614 3988 654 4047 ὁτι
674 3989 733 4068 οὐχί
752 3987 795 4047 διά
810 3991 848 4047 δι·
890 3993 970 4052 ναίων
982 3973 1108 4064 δηλονότι.
1121 4027 1162 4037 -
1171 3983 1209 4078 ᾞ
1221 3991 1266 4050 καί
1277 3992 1377 4069 μᾶλλον
1386 3990 1483 4072 χρὴ...]
1492 3990 1521 4049 τά
1531 3990 1602 4063 έξῆς,
1611 3989 1675 4068 ξυμ.

60 4076 201 4149 καιοσύνην
216 4077 295 4159 μέχρι
307 4079 382 4159 δεῦρο
393 4075 540 4156 ἀπέσχοντο
552 4077 652 4155 [ἡμῶν]
666 4079 689 4134 οί
702 4076 848 4150 Ἀθηναῖοι,
891 4079 992 4160 μάχοος
1002 4084 1074 4158 ἡμᾶς
1084 4075 1238 4157 δεξαμένους
1251 4083 1319 4155 ὑμᾶς
1329 4077 1388 4145 τοὺς
1400 4079 1632 4154 Λακεδαιμονίους.
1645 4080 1676 4137 τὸ

61 4165 131 4224 ἀλλά
145 4165 188 4224 διά
211 4164 381 4245 πανουργίαν·
405 4163 431 4222 έν
447 4163 533 4242 μὲντά
544 4162 613 4223 κατά
624 4163 672 4233 τὴν
689 4163 849 4244 εὐπρέπειαν
890 4167 941 4248 γάρ
955 4166 1108 4246 δεξαμένους
1124 4168 1182 4226 ἀντὶ
1196 4172 1241 4226 τοῦ
1256 4165 1390 4234 δέξασθαι.
1404 4200 1445 4211 -
1461 4185 1483 4226 ο.
1500 4165 1676 4245 Ἐφθάραται]

61 4253 219 4333 τοῦλόγου,
236 4252 354 4332 δεύτερον
376 4251 403 4311 δέ
427 4251 457 4311 τδ
477 4251 584 4331 γνώμης
610 4253 709 4330 μᾶλλον
734 4251 847 4334 έφόδῳῆ
890 4255 1049 4337 ἐφθάρησαν.
1065 4288 1099 4298 ·-
1116 4256 1176 4337 Ἐφ’
1192 4256 1267 4333 ἡμῖν]
1283 4255 1341 4312 καθ’
1354 4257 1440 4331 ἡμῶν.
1455 4255 1675 4333 -Τετάχαται]

18 4367 46 4405 ιε
63 4340 136 4421 ίσχύῑ
147 4339 180 4400 τά
205 4341 351 4423 πράγματα
366 4340 503 4422 φαίνεσθαι
522 4339 696 4411 καταληπτά,
713 4339 799 4421 τρίτον
817 4341 848 4401 τά
889 4342 1047 4421 τεταγμέναι
1062 4341 1136 4401 είσίν.
1150 4361 1226 4401 -1,
1240 4340 1297 4400 Ἀπ’
1312 4339 1476 4422 ἀμφοτέροιν]
1493 4338 1546 4399 ἀπό
1559 4363 1588 4398 τε
1600 4343 1674 4419 ὑμῶν
1688 4353 1715 4394 4ο

60 4430 197 4511 φοὸεῖσθαι
208 4428 239 4488 τθ
250 4430 370 4489 ναυτικδν
388 4433 440 4488 τῶν
459 4429 658 4501 Μιτυληναίων,
672 4427 797 4510 τέταρτον
817 4428 848 4487 τὸ
889 4435 941 4489 τῶν
960 4429 1175 4508 Λακεδαιμονίων
1192 4427 1237 4486 καί
1251 4430 1302 4486 τῶν
1321 4427 1516 4501 Μιτυληναίων.
1532 4463 1572 4474 -
1588 4449 1613 4489 κ.
1632 4429 1674 4489 Οθ

60 4515 249 4599 θεραπεύεσθαι
271 4518 336 4598 πρὸς
358 4520 410 4575 τῶν
438 4516 624 4589 Μιτυληναίων
650 4515 776 4596 κολακείᾳ
800 4514 847 4593 μέν
889 4517 940 4600 γάρ
954 4515 1317 4598 ἐντῇἈττικῇέσται...]οθ
1331 4515 1382 4596 γάρ
1397 4518 1466 4596 ἔντῇ
1482 4516 1585 4594 Ἀττικῇ
1599 4513 1676 4575 ἔσται

60 4607 135 4683 κοινῇ
159 4602 218 4670 τοθς
244 4603 407 4676 Ἀθηναίους,
435 4604 526 4685 δώροις
546 4602 573 4663 δέ
596 4608 649 4662 τῶν
673 4603 847 4683 προεστώτων
889 4605 1074 4683 ὁπόλεμος,έν
1082 4603 1279 4684 δδτῇὴμετέρφ
1289 4600 1378 4683 χώρῳ,
1392 4604 1425 4661 δι’
1434 4603 1467 4673 ἣν
1479 4604 1640 4684 ὠφελοῦνται
1650 4606 1677 4665 οί

61 4690 182 4753 ἕκαστον.
197 4727 235 4738 -
247 4713 268 4752 σ.
283 4690 415 4753 Ἐπιπολύ
430 4694 454 4772 γ’
468 4691 500 4751 ἀν
511 4695 650 4770 ἐδοκοῦμεν
662 4693 847 4772 δυνηθῆναι...]
889 4692 1032 4765 Ἀθηναῖοι,
1046 4692 1173 4773 χρήματα
1186 4690 1366 4769 λαμόάνοντες
1379 4690 1431 4748 ἀπά
1445 4693 1497 4748 τῶν
1513 4689 1671 4769 ξυμμάχων.
1728 4761 1733 4770 Ι

19 4814 47 4855 ω
61 4780 222 4857 ἐδυνήθημεν
238 4782 371 4862 διαφυγεῖν
384 4779 433 4852 τὴν
454 4779 583 4853 δουλείαν,
597 4783 620 4838 εί
641 4779 679 4856 μά,
701 4779 813 4860 έφθασεν
833 4784 848 4838 ὁ
889 4780 936 4838 καί
950 4779 1058 4839 πλείονά
1068 4804 1098 4859 γε
1108 4778 1182 4839 ἔσται
1194 4781 1295 4849 αὐτοῖς,
1306 4777 1338 4836 ἀν
1349 4782 1419 4856 ἡμᾶς
1429 4776 1672 4858 καταστρέψωνται.
1688 4800 1718 4840 ω

60 4866 175 4944 πόλεμος
190 4871 241 4926 τῶν
253 4868 482 4942 Πελοποννησίων.
493 4867 622 4950 τεκμήρια
634 4865 686 4950 γάρ
695 4858 727 4938 ἦν
740 4869 803 4945 ἡμῖν
814 4865 847 4926 τά
889 4868 923 4927 τά
939 4892 968 4927 τε
979 4868 1030 4949 γάρ
1049 4867 1165 4947 ἡμέτερα
1184 4866 1393 4947 προςλήψονται,
1411 4865 1538 4946 πρότερον
1551 4868 1581 4924 οὐ
1592 4888 1675 4947 φορο-

60 4955 125 5034 πρδς
136 4954 195 5022 τοὺς
208 4956 303 5024 ἀλλους
316 4957 359 5015 ὁπ’
374 4954 516 5028 Ἀθηναίων
527 4956 664 5036 γενόμενα.
889 4958 1024 5036 λογοῦντες
1037 4961 1123 5034 ἡμᾶς,
1138 4954 1183 5014 καλ
1196 4955 1230 5013 τά
1242 4953 1295 5012 ἀπδ
1305 4957 1358 5012 τῶν
1373 4954 1459 5012 ἄλλων
1475 4952 1588 5032 βεόαίως
1602 4953 1674 5023 ίξου-

101 5044 166 5104 ΧΙΙ.
186 5040 226 5105 ⁶0
234 5067 262 5102 τε
269 5054 322 5112 τοῖς
334 5044 467 5124 ἀλλοις...]
477 5044 542 5127 ὁπερ
554 5043 581 5103 δὲ
594 5049 647 5111 τοῖς
660 5043 748 5110 ἀλλοις
759 5044 804 5102 καί
820 5045 846 5101 έν
890 5067 939 5103 σιν.
958 5044 1004 5102 καί
1024 5041 1074 5123 γάρ
1088 5040 1171 5109 οὐδείς
1185 5040 1377 5113 ἀποστήσεται,
1391 5040 1465 5119 γνοάς
1481 5041 1675 5114 Μιτυληναίους

60 5130 171 5212 πολέμῳ
183 5132 228 5191 καί
242 5132 342 5215 ἡσυχίη
356 5131 382 5202 ἐξ
398 5131 498 5201 εὐνοίας
502 5177 511 5206 ,
524 5132 601 5214 φησί,
613 5132 643 5191 τὸ
657 5130 789 5191 πιστεύειν
802 5133 846 5190 ἀλ-
890 5129 1105 5208 δεδουλωμόνους.
1117 5165 1159 5176 -
1169 5147 1192 5192 ε.
1207 5130 1242 5191 Ἦ
1251 5123 1386 5212 πρόςοδος]
1398 5132 1451 5190 τῶν
1461 5129 1607 5211 χρημάτων
1620 5138 1676 5201 τοῖς
