3676 5828
185 351 239 407 ιεο
803 334 980 396 εσσοιιι.
994 332 1083 411 vm,
1105 341 1232 395 ει-ιε,

183 473 330 555 πρός-κειται
345 466 498 527 ίνδεικτικὸν
512 470 558 525 τοῦ
571 464 632 546 περί
645 463 750 536 ἀδήλων
763 463 800 540 μὴ
815 486 884 522 πανυ
902 464 960 521 δια·
1005 461 1049 520 τόν
1062 460 1255 543 Τισσαφέρνην,
1269 463 1315 522 καὶ
1334 465 1357 523 εί
1370 462 1404 523 τό
1421 463 1535 543 μέγιστα
1548 466 1697 547 λαμύάνοι,
1711 471 1769 549 μηδλ

182 560 319 620 τείνεσθαι.
329 556 359 614 τὸ
368 554 395 614 δέ
410 553 564 636 προςέθηκεν
577 552 634 610 ἀντί
646 557 690 611 τοῦ
699 549 843 632 προςίθετο.
855 548 960 627 ήῆδιά·
1005 547 1073 607 οθτω
1084 548 1280 627 ξυμθησόμενον
1293 549 1357 631 πρθς
1369 551 1428 620 τοὺς
1445 552 1603 626 Ἀθηναίους,
1616 591 1657 601 ...
1669 560 1691 599 π
1708 559 1770 635 με,

182 671 248 708 νοια·
264 644 310 704 καί
325 641 462 721 Ἀστύοχος
479 640 599 700 ἐνέδωκεν
627 639 718 698 ίαυτδν
732 643 769 719 τῷ
784 637 960 719 Τισσαφέρνει
1004 635 1117 715 σείοντα]
1133 635 1265 718 ἐφιέμενον
1278 635 1771 725 ξυμθῆναι.-Μῆίκανδδιδόναι]εῇ

183 733 321 803 τοῖςίδίοις
334 729 459 810 κέρδεσιν,
475 733 509 795 ὡς
529 727 645 805 ἐλέγετο,
659 726 704 784 καί
722 725 782 807 περί
800 723 891 784 τούτου
917 723 963 783 καί
1005 722 1107 794 αἰτήσει
1116 722 1328 795 δηλονότι.-ε.
1341 724 1424 806 Ὑπὲρ
1432 726 1561 807 παρόντος
1574 729 1770 812 Τισσαφέρνη]

159 821 248 902 οπερί
265 824 316 877 τῶν
333 817 429 887 ἄλλων,
447 814 492 873 καί
511 813 554 872 διὰ
570 819 646 872 τοῦτο
666 811 793 894 ὠλιγώρει
815 811 852 890 μῆ
872 813 962 883 ἐντελῆ
1005 807 1151 889 ἔμπροσθεν
1161 814 1207 867 τοῦ
1218 811 1420 891 Τισσαφέρνους.
1434 811 1567 882 -Ὤςτε
1579 818 1633 873 τῶν
1644 816 1790 889 Ἀθηναίων,

185 908 276 988 μισθὸν
289 905 407 964 ἐκδοῦναι
418 900 600 982 Τισσαφέρνην
611 903 663 967 τοῖς
672 904 810 966 ναυτικοῖς.
824 935 864 945 -
877 896 964 968 Ἆνθή·
1006 896 1046 974 ...]
1072 893 1134 962 ῶςτε
1159 895 1218 963 τοὺς
1241 896 1389 968 Ἀθηναίους
1413 897 1510 967 αίτίους
1532 900 1653 978 γενέσθαι
1673 910 1719 964 τοῦ
1740 905 1772 983 μῆ

183 1002 274 1065 πτετο]
290 990 439 1069 ἀντέσχετο.
454 1023 493 1033 -
507 1009 528 1047 ο.
544 992 595 1047 Οτι
612 990 642 1046 οὐ
656 990 742 1054 καλῶς
756 986 882 1068 ἐκρύφθη]
895 984 963 1043 σἰλλδι
1005 980 1154 1059 συμύῆναι,
1167 983 1262 1064 καίπερ
1276 983 1392 1053 διδόντας
1402 984 1435 1044 τὰ
1451 985 1604 1065 αίτούμινα.
1620 990 1772 1073 -Ἢξίωνψ

186 1079 355 1158 ἀπεκαλύφθη
368 1073 493 1147 δηλονότι.
506 1109 546 1119 -
558 1063 594 1157 ᾯ
608 1073 639 1133 δν
653 1073 754 1154 τρόπῳ]
767 1074 846 1150 ἤγουν
857 1074 871 1105 ’
883 1071 962 1138 ὅπως.
1005 1070 1019 1126 θ
1040 1067 1206 1140 Ἀλκιόιάδης
1227 1069 1328 1142 δηλαδῆ
1351 1071 1396 1130 καί
1418 1077 1433 1130 ό
1452 1073 1648 1156 Τισσαφέρνης.
1670 1112 1709 1123 -
1723 1078 1773 1146 Τίς

224 1172 274 1230 LI.
295 1164 379 1226 Ὅσον
392 1164 421 1221 οὗ
434 1161 581 1242 παροῦσαν]
597 1160 675 1237 ἤγουν
690 1160 746 1237 μετ’
757 1160 842 1232 ὀλίγον
855 1160 962 1217 ἐλευσο-
1004 1154 1180 1234 ίπικειμένας]
1194 1155 1312 1229 δηλονότι
1325 1163 1358 1238 τῇ
1371 1157 1466 1241 Ἰωνίρ.
1478 1195 1518 1205 -
1532 1160 1656 1242 Ξυνόδιρ]
1668 1166 1772 1224 συνιλσέ

147 1276 172 1314 10
188 1250 488 1335 μένην,-·Ὁρμουσῶν]
495 1241 966 1316 αὐλιζουσῶν.-ε.1ίαίέκτοῦτοιού·
1006 1263 1059 1313 σει,
1079 1242 1178 1322 ὁμιλίᾳ.
1203 1279 1243 1288 -
1258 1243 1389 1305 Ἐνταῦθα
1407 1245 1439 1318 δή
1461 1245 1561 1327 οθκέτι]
1580 1249 1635 1308 άπὸ
1654 1258 1734 1310 κοινοῦ
1747 1253 1799 1312 τῖιι

185 1343 243 1421 του]
257 1340 314 1399 ἀντὶ
326 1343 371 1397 τοῦ
383 1334 425 1394 διίι
434 1335 464 1394 τὸ
473 1339 594 1392 τοιοῦτον.
604 1332 673 1409 λέγει
683 1332 710 1391 δέ
719 1332 749 1391 τὸ
759 1332 867 1409 μήνυμα
877 1331 906 1389 τὸ
917 1335 964 1389 τοῦ
1006 1326 1205 1408 ξυγχωρούντων
1217 1330 1364 1390 ἀκουστέον.

187 1421 551 1510 Φρυνίχου-Μέλλουσα]
566 1423 737 1498 τειχισθῆναι.
753 1439 826 1477 -τ,
841 1416 965 1485 Δόξαςδί
1046 1417 1134 1476 LVll.
1159 1416 1334 1476 Παντάπασιν
1360 1420 1605 1500 ἐκπεπολεμῆσθαι]
1637 1423 1715 1502 ἤγων
1742 1429 1772 1492 είς

187 1511 376 1582 θ’λλκιύιάδης
385 1509 426 1587 ..]
435 1505 600 1586 τθπαρδιτοῦ
610 1506 782 1579 Ἀλκιθιάδου,
793 1505 866 1585 φησί,
878 1503 963 1584 γράμ·
1005 1500 1107 1559 τελείαν
1125 1500 1221 1583 ἔχθραν
1236 1504 1317 1563 ἐλθεῖν
1331 1506 1382 1572 τοῖς
1396 1507 1627 1578 Πελοποννησίοις.
1639 1545 1679 1555 -
1691 1513 1772 1571 Κενσ-

75 1623 80 1633 ·
189 1625 260 1679 ματα
276 1597 348 1656 οὐδέν
363 1595 461 1674 ἔθλαψε
475 1592 519 1651 τδν
534 1593 677 1671 Φρύνιχον,
692 1591 761 1649 άλλδι
774 1593 875 1668 μθλλον
892 1589 962 1671 ὠφέ-
1006 1591 1097 1646 θεισῶν
1111 1592 1164 1647 τῶν
1175 1590 1251 1668 νεῶν]
1265 1590 1444 1650 ἀπολιπόντων
1458 1594 1540 1660 αὐτὰς
1550 1597 1604 1652 τῶν
1619 1602 1771 1676 στρατιοκῶν

150 1704 174 1743 ιο
188 1691 277 1758 λησευ.
293 1684 416 1766 ᾠήθησαν
426 1679 476 1759 γὰρ
486 1683 509 1738 ot
520 1679 649 1749 Ἀθηναῖοι
659 1678 702 1736 τὸν
715 1677 881 1747 Ἀλκιόιάδην
893 1676 965 1754 παρὰ
1007 1672 1050 1732 διὰ
1066 1674 1096 1732 τδ
1111 1674 1148 1753 μή
1169 1675 1313 1754 λαμόάνειν
1329 1678 1430 1754 μισθόν.
1448 1714 1488 1724 -
1508 1700 1530 1738 ε.
1545 1680 1706 1743 Ἐπανισοῦν
1722 1684 1798 1752 εόδςιν

190 1773 236 1852 μίν
250 1777 301 1830 τῶν
316 1767 447 1846 πολεμίων
469 1764 649 1843 μεμαθηκέναι
663 1765 703 1824 ότι
719 1764 855 1841 μέλλουσιν
873 1764 966 1835 ἐπιθῆ-
1005 1758 1098 1844 Ἕλλ]
1111 1762 1182 1830 ίσους
1194 1763 1286 1831 αὐτοὺς
1296 1773 1388 1825 ποιεῖν.
1409 1800 1449 1810 -
1465 1769 1713 1850 Μεταπεμψάμενος
1724 1763 1771 1852 σίν]

189 1865 279 1919 σεσθαι
291 1857 390 1934 Σάμῳ,
402 1857 576 1933 κατεψεῦσθαι
587 1850 708 1910 δὲταῦτα
718 1851 853 1932 Φρυνίχου
866 1848 909 1908 διίι
918 1848 966 1919 τήν
1006 1848 1036 1907 τὸ
1049 1839 1093 1906 οθν
1107 1851 1136 1907 ἐκ
1149 1855 1195 1907 τοῦ
1208 1851 1388 1930 παραλλήλου.

65 1997 68 2001 .
189 1946 254 2027 πρδς
265 1944 341 2003 αὐτόν
354 1941 457 2021 ἔχθραν,
472 1938 511 1997 ότι
522 1939 653 1997 ἀναπείθει
666 1938 723 2005 τοὺς
735 1938 873 2015 πολεμίους
885 1936 967 1996 ἐπιθέ-
1046 1936 1205 1996 LV111.0.*
1219 1935 1356 2016 Λάόωσιν]
1368 1941 1403 2005 είς
1416 1937 1513 2020 τροφὴν
1526 1940 1772 2011 δηλονότιτῶννςῶν

190 2039 250 2092 σθαι
264 2030 405 2110 Φρύνιχος.
1007 2021 1052 2079 καί
1069 2024 1105 2088 είς
1118 2021 1201 2092 άλλην
1218 2023 1346 2095 δαπάνην.
1362 2060 1402 2070 -
1417 2047 1439 2086 7.
1456 2026 1528 2108 Πρὸς
1545 2027 1705 2110 Ἀθηναίους]
1718 2032 1773 2111 γρηὶ.

149 2135 175 2175 ιο
229 2121 290 2180 LII.
311 2115 420 2177 Δεδιότα
438 2111 485 2189 μίν
504 2112 563 2178 τοὺς
581 2111 804 2181 Πελοποννησίους
825 2112 867 2188 ...]
888 2110 967 2192 φησίν
1008 2130 1098 2188 φεται,
1113 2117 1166 2175 τοῖς
1180 2108 1391 2181 Ἀθηναίοις.’ίθν
1405 2112 1525 2185 ἐθέλωσι,
1539 2114 1622 2194 φησί,
1636 2117 1698 2196 πρὸς
1710 2117 1798 2190 Ἀθη-α

190 2206 229 2266 ότι
243 2203 333 2264 ἐδεδίει
345 2201 392 2278 μέν
403 2205 417 2258 θ
428 2199 610 2279 Τισσαφέρνης
623 2198 670 2269 τήν
686 2196 760 2277 ίσχθν
771 2202 821 2256 τῶν
833 2199 967 2259 Λακεδαι·
1007 2193 1092 2261 ναίους
1106 2195 1321 2275 διαλλάττεσθαι,
1337 2200 1477 2279 ἀμφότεροι
1489 2201 1739 2264 διαλλαττίσθωσαν.

191 2293 295 2371 μονίων,
313 2288 435 2348 ἐθούλετο
451 2284 478 2344 δέ
498 2285 568 2362 ὅμως
581 2290 732 2356 πεισθῆναι,
747 2289 769 2343 εί
782 2285 898 2358 δύναιτο,
916 2284 967 2343 θπδ
1047 2283 1121 2342 ΗΧ.
1143 2279 1243 2364 Ὧςπερ
1258 2283 1356 2365 είρητο]
1371 2288 1398 2344 ἐν
1413 2288 1470 2353 ταῖς
1481 2290 1605 2357 σπονδαῖς
1620 2291 1741 2361 δηλονότι.

191 2377 368 2447 Ἀλκιῦιάδου,
381 2372 537 2452 μεταθέσθαι
547 2373 611 2452 πρὸς
622 2371 679 2439 τοὺς
692 2372 846 2444 Ἀθηναίους.
859 2407 899 2416 -
913 2376 967 2433 Πι-
1048 2371 1110 2429 LX.
1134 2368 1363 2438 Ἐπιόουλεύοντες
1377 2372 1522 2432 ἀπόστασιν
1534 2379 1582 2445 τῆς
1594 2377 1719 2456 Εῦῦοίας]
1731 2380 1774 2436 λα·

191 2465 407 2607 στευθῆναιψτοῖς
421 2460 571 2530 Ἀθηναίοις.
585 2460 840 2537 -Ἐπηλῆθευσεν]
853 2459 910 2517 ἀντί
921 2465 967 2518 τοῦ
1008 2454 1102 2534 θραίως
1115 2461 1248 2523 ποιοῦντες
1260 2456 1290 2515 τὸ
1311 2460 1457 2530 ἄπυστῆναι
1471 2458 1519 2531 τήν
1540 2461 1659 2521 Εύθοιαν
1673 2464 1722 2522 ἀπὸ
1731 2467 1775 2521 τῖεν

151 2571 177 2610 κο
190 2554 312 2624 ἀλήθειαν
325 2574 337 2608 ε
349 2572 396 2606 πεν
408 2546 452 2606 ἐπὶ
463 2546 506 2603 τὸν
519 2551 563 2604 τοῦ
575 2544 737 2604 Ἀλκιῦιάδου
749 2546 833 2624 λόγον.
848 2580 887 2590 —-
898 2547 968 2605 Ἀνε-
1008 2541 1158 2613 Ἀθηναίων.
1179 2578 1219 2588 -
1240 2543 1304 2603 Ἐπί
1321 2544 1372 2624 γὰρ
1393 2550 1426 2625 τῇ
1448 2545 1572 2627 Ἐρετρίᾳ
1586 2548 1617 2607 εδ
1635 2549 1727 2631 χωρίον
1739 2549 1801 2627 6,]σι

191 2642 250 2700 κτδν
263 2630 328 2697 εῖναι
340 2634 499 2714 ξυγκεῖσθαι]
513 2632 570 2690 άντί
581 2638 626 2690 τοῦ
637 2631 746 2703 ἄνεκτῆν
755 2623 820 2690 εἶναι
830 2632 966 2704 συνθήκην,
1009 2628 1065 2686 ἀντί
1078 2633 1122 2687 τοῦ
1137 2629 1300 2706 ἐπικείμενον
1319 2629 1415 2711 γδρτῇ
1434 2632 1568 2715 Ἐρετρίφ.
1585 2669 1628 2681 -
1639 2656 1663 2697 ¹.
1676 2635 1776 2696 ’Em

231 2727 307 2787 Llll.
330 2725 536 2801 Κεφαλαιοῦντες
549 2721 579 2777 ἐκ
591 2719 716 2797 πολλῶν]
730 2718 786 2777 ἀντί
800 2724 845 2777 τοῦ
860 2723 890 2778 ἐκ
903 2721 967 2779 πολ·
1007 2713 1140 2800 λούμενοι]
1150 2716 1229 2792 ἤγουν
1241 2716 1285 2775 ἐπί
1298 2717 1417 2796 βοήθειαν
1427 2720 1575 2787 καλοῦντες.

190 2818 237 2874 λοῦ
252 2808 456 2874 ἀποδεικνύντες.
475 2807 554 2884 ἤγουν
569 2806 753 2885 κεφαλαιωδῶς
766 2805 811 2863 καί
825 2804 968 2882 ξυντετμη-
1048 2805 1121 2863 Lxl.
1144 2804 1230 2881 Πεζῇ]
1241 2802 1320 2880 ἤγουν
1335 2803 1377 2862 διὰ
1390 2803 1475 2884 ξηρᾶς.
1489 2840 1530 2850 -
1541 2805 1722 2887 Ἀποστήσων]
1734 2810 1777 2865 τῶν

192 2898 450 2979 μίνωςλέγοντες.-
461 2891 846 2970 Μάλισταδέ,ὡςέξείηαύτοῖς]
857 2889 969 2950 όδέσύν-
1009 2888 1149 2960 Ἀθηναίων
1172 2889 1298 2962 δηλονότι.
1320 2925 1361 2936 -
1375 2912 1396 2952 ε.
1411 2887 1527 2970 Ἔτυχον
1590 2893 1776 2972 κεκομισμένα]

152 2999 178 3039 8⁰
192 2991 284 3064 δεσμος
292 2985 349 3043 ἀντί
357 2988 403 3041 τοῦ
413 2981 444 3052 δή
452 2983 595 3050 κεῖται,ῶς
608 2978 653 3037 καί
666 2977 833 3059 ἐνιῇπρώτη
843 2980 880 3056 [e.
892 2980 928 3057 ο]
943 2983 969 3038 ἐν
1010 2976 1066 3034 άντί
1079 2982 1125 3034 τοῦ
1137 2976 1448 3048 ἐλαθον.-Ἐπιόάτης
1459 2977 1650 3058 ξυνεξῆλθε]οῦ
1663 2980 1720 3060 τριῆ
1787 2994 1807 3036 ε)

191 3079 228 3156 τῷ
242 3100 254 3125 ιι
268 3075 326 3130 καθ’
338 3068 461 3134 ἑκάστους
473 3067 501 3125 δέ
511 3067 561 3139 ἤδη
573 3070 606 3145 τῆ
624 3065 722 3145 όμιλίσρ.
737 3093 798 3116 ν-
806 3085 828 3124 2.
843 3065 896 3124 Καί
908 3067 969 3122 ἐπι·
1008 3084 1064 3140 χος,
1073 3063 1127 3120 οὐδ’
1136 3062 1218 3136 ἄλλην
1231 3061 1316 3144 ἀρχὴν
1329 3063 1456 3143 ίχων.-
1465 3062 1561 3138 σ.Ἦδη
1570 3065 1624 3147 γὰρ
1633 3067 1679 3126 καί
1689 3003 1776 3149 θψίαῆζ

192 3160 355 3238 θειαζόντων]
374 3159 452 3236 ἤγουν
471 3155 527 3214 θεῖά
544 3177 602 3214 τινα
622 3153 818 3229 ἐπιθοωμένων.
840 3188 879 3197 -
898 3152 969 3230 Πρός
1010 3151 1088 3228 ἤγουν
1100 3149 1210 3230 ἑσπέρας
1224 3152 1275 3225 ἤδη
1287 3150 1497 3224 καταλαθούσης.

191 3246 292 3318 πολλὴν
305 3241 452 3319 ἀντιλογίαν
464 3241 509 3299 καῖ
527 3238 715 3321 σχετλιασμόν]
726 3239 792 3319 πρθς
803 3237 913 3305 πολλοῦς
924 3241 969 3296 άν-
1048 3238 1152 3297 LXlll.
1173 3236 1232 3308 Τῆν
1255 3236 1416 3316 ναυμαχίαν]
1435 3235 1484 3308 τήν
1505 3237 1651 3316 γενομένην
1670 3240 1779 3312 δηλονότι

193 3326 969 3413 τιλέγονταςκαίσχετλιαζομένους.-Σχετλιασμόν]ἤγουν
1009 3323 1069 3403 περί
1082 3323 1129 3395 τῆν
1151 3323 1225 3384 Χίον.
1248 3359 1288 3369 -
1309 3324 1483 3405 Ἐθάρσησεν]
1502 3325 1584 3402 ἤγουν
1600 3325 1780 3406 ἀγαθθςίσχεν

153 3430 179 3470 ⁸⁵
193 3419 379 3481 δεινοπάθειαν.
398 3450 439 3461 -
456 3415 553 3475 Οὐκέτι
569 3414 663 3493 όντων]
681 3412 827 3494 χρημάτων
839 3413 968 3485 δηλονότι.
1011 3409 1125 3476 ἐλπίδας.
1143 3445 1183 3455 -
1203 3430 1226 3471 ε.
1249 3411 1394 3489 Ἆλλήλοις]
1413 3409 1482 3469 κατὰ
1503 3420 1571 3492 σφᾶς
1591 3410 1694 3480 αύτούς.
1707 3448 1745 3459 -
1761 3423 1812 3473 κδ

194 3542 233 3552 -
245 3527 266 3565 α.
280 3501 504 3585 Σωφρονίστερον]
518 3501 597 3578 ἤγουν
612 3499 804 3580 ταπεινότερον.
1010 3496 1080 3556 Ὕπδ
1090 3496 1185 3577 γὰρ...]
1198 3496 1228 3556 τδ
1242 3497 1324 3557 αίτιον
1337 3503 1383 3570 τῆς
1394 3498 1515 3579 ὑποψίας.
1524 3533 1567 3545 -
1577 3499 1685 3580 Καίπιρ
1696 3504 1782 3560 ίπανα·

234 3593 307 3653 LIV.
327 3593 456 3654 Χαλεπῶς
482 3588 598 3668 ἐφέρετο]
614 3587 693 3664 ἤγουν
712 3588 907 3665 δυςαναοχετῶν
929 3578 970 3658 ἤν·
1011 3582 1122 3650 στάντας
1135 3583 1283 3665 αύτούς...]
1299 3584 1392 3665 καίπερ
1410 3584 1614 3644 ἐπαναστάντων
1637 3588 1783 3656 αῦτοῖςτοῖς

195 3676 306 3756 σκληρός
320 3667 353 3747 ἤν
372 3674 417 3733 καί
431 3673 571 3739 άνίνδοτος.
586 3707 626 3717 -
638 3692 661 3733 ε.
676 3672 733 3739 Τάς
750 3695 779 3731 τε
793 3672 969 3753 ξυνωμοσίας,
1010 3671 1185 3752 ὀλιγαρχικοῖς
1205 3675 1257 3730 τῶν
1278 3669 1510 3751 δημοκρατούντων
1530 3671 1597 3753 θπέρ
1616 3678 1665 3732 τοῦ
1679 3672 1717 3752 μῆ
1735 3675 1784 3732 όλι-

195 3761 424 3843 α’ίπερέτύγχανον
486 3761 591 3839 ἀρχαῖς]
605 3757 794 3831 θοαιδηλονότι
807 3751 875 3832 ἤσαν
888 3759 969 3827 ξυνω-
1010 3762 1174 3836 γαρχεῖσθαι.
1197 3792 1237 3802 -
1258 3777 1281 3818 ε.
1308 3757 1483 3838 Ἄνεθήσεται]
1512 3758 1656 3840 όφῆσεται.
1683 3795 1724 3806 -
1745 3760 1784 3821 Τί

155 3861 183 3900 ⁴0
196 3849 363 3928 μοσίαικατά
376 3851 467 3905 τετῶν
483 3849 570 3926 ἀρχῶν
583 3844 628 3903 καί
641 3845 971 3907 τῶνδικῶν.-Ἆπάσας
1011 3844 1168 3926 πράγματα]
1181 3850 1198 3916 ή
1212 3845 1361 3928 ὀλιγαρχία.
1736 3859 1741 3870 ·
1794 3861 1816 3902 ιε

196 3935 322 4012 ἐπελθὼν,
346 3934 392 3994 καί
416 3931 747 4014 παρακελευσάμενος...]
769 3936 784 3990 ό
813 3933 971 4014 Πείσανδρος
1051 3934 1153 3993 LXIV.
1177 3931 1426 4014 Πράξονταςτόκεῐ]
1439 3932 1519 4012 ἤγουν
1528 3934 1785 4005 καταστήσονταςτδ

197 4025 303 4088 ἁπάσας
326 4021 372 4089 τίις
399 4019 562 4095 συνωμοσίας
589 4017 718 4090 ἐπελθὼν,
742 4018 970 4098 παρεκελεύσατο,
1012 4022 1038 4078 ἐν
1053 4015 1785 4104 Ἀθήναις.-Είρητο]προςιτίτακτο.-Αίςένίσχω-

197 4112 267 4179 όπως
284 4112 378 4177 πάντες
397 4112 420 4168 οἱ
435 4111 461 4167 ἐν
483 4110 572 4175 αὐταῖς
597 4104 786 4187 συστραφέντες
806 4115 854 4187 μιᾷ
879 4105 970 4185 γνώμῃ
1013 4106 1064 4185 σιν]
1080 4107 1137 4166 ἀντί
1156 4112 1201 4166 τοῦ
1215 4106 1447 4188 προςορμίσωνται.
1464 4141 1506 4152 -
1519 4108 1689 4168 Καθιστάναι
1713 4110 1785 4188 ἤγουν

198 4198 365 4258 καταλύσωσι
378 4196 421 4256 τδν
440 4197 533 4272 δῆμον.
549 4228 589 4238 -
603 4193 666 4253 Ἐπί
679 4201 732 4260 τοῖς
750 4194 888 4274 παροῦσιν]
903 4193 971 4252 κατὰ
1012 4195 1165 4270 νομοθετεῖν.
1179 4215 1251 4255 -ε,
1264 4195 1318 4254 Καί
1330 4193 1380 4274 γδρ
1391 4195 1436 4253 καί
1450 4192 1519 4273 φυγῆ
1529 4196 1615 4253 αὐτῶν
1630 4195 1681 4264 ἔξω
1689 4111 1736 4276 ἤν]
1745 4196 1786 4255 καί

158 4294 184 4335 ⁴⁵
197 4290 243 4359 τῆς
256 4284 389 4366 παρούσης
402 4281 586 4362 δημοκρατίας.
1012 4280 1063 4359 γδρ
1077 4279 1188 4362 φυγάδες
1206 4284 1291 4341 αὐτῶν
1308 4273 1376 4353 ἤσαν
1395 4280 1468 4362 παρὰ
1489 4283 1726 4356 Πελοποννησίοις,
1744 4308 1786 4343 πε·
1797 4295 1818 4335 ⁴⁵

237 4375 298 4434 LV.
320 4372 366 4436 Ἐς
377 4369 404 4428 δὲ
417 4369 465 4440 τῆν
477 4370 539 4448 γῆν]
550 4366 667 4440 δηλονότι
678 4371 725 4439 τῆς
739 4365 841 4427 Ῥόδου.
854 4401 894 4412 -
904 4366 972 4435 Τοθς
1012 4366 1133 4446 φευγότες
1145 4366 1196 4425 θπδ
1207 4366 1358 4438 Ἀθηναίων.
1372 4403 1413 4413 -
1425 4367 1486 4428 Καθ’
1495 4367 1575 4446 αῦτη]
1588 4368 1671 4447 ἤγουν
1683 4369 1787 4430 αὖτοίοί

198 4457 452 4540 προςύοηθῆσαντας]
467 4460 499 4534 τῇ
516 4453 591 4534 χώρα
608 4453 781 4534 πορθουμένη.
795 4488 834 4498 —
848 4455 972 4534 Εὐφυλα-
1012 4453 1131 4534 φυγάδες.
1142 4489 1183 4500 -
1196 4456 1280 4534 Ναῦς]
1295 4453 1517 4532 Λακεδαιμονίων.
1531 4490 1572 4500 -
1584 4458 1659 4524 Ναῦς
1674 4481 1703 4516 τε
1718 4457 1786 4532 κομί·

198 4545 307 4626 κτέτερα
322 4543 373 4624 γδρ
396 4546 482 4608 αὐτοῖς
500 4543 615 4619 ἐγίγνετο
633 4542 676 4618 ...]
690 4540 903 4620 παραφυλάττειν
921 4539 972 4623 γδιρ
1012 4542 1069 4620 σαι]
1083 4543 1117 4607 είς
1126 4539 1173 4612 τῆν
1185 4541 1371 4620 Λακεδαίμονα
1386 4540 1513 4614 δηλονότι.
1527 4577 1567 4587 -
1580 4564 1603 4602 ε.
1616 4542 1787 4625 Σωφροσύνην

199 4635 313 4693 ἐντεῦθεν
337 4632 435 4708 μᾶλλον
460 4627 582 4687 ἐδύναντο
605 4626 651 4693 τόις
675 4630 726 4684 τῶν
757 4628 972 4698 Πελοποννησίων
1012 4625 1063 4708 γὰρ
1073 4627 1201 4687 λαθοῦσαι
1213 4632 1241 4687 αἱ
1249 4628 1337 4694 πόλεις
1349 4629 1389 4707 ]
1403 4626 1584 4708 εῦθουλότεραι
1593 4627 1646 4710 γάρ
1657 4630 1788 4708 γενόμεναι

161 4732 186 4774 σθ
200 4726 275 4797 ναῦς,
290 4719 314 4777 εί
325 4741 375 4776 που
389 4715 534 4796 θπαίροιεν.
550 4748 588 4761 -
602 4733 623 4773 ε.
638 4710 798 4791 Διένοοῦντο]
813 4713 892 4791 ἤγουν
908 4718 972 4792 ἐμε-
1013 4717 1040 4772 αἱ
1054 4713 1141 4783 πόλεις
1160 4715 1298 4795 ἐχώρησαν
1313 4716 1356 4774 ἐπί
1375 4714 1424 4787 τήν
1439 4713 1559 4796 άντικρυς
1574 4717 1734 4798 ἐλευθερίαν,
1746 4720 1788 4786 τῆς
1799 4741 1820 4781 ιο

199 4805 337 4865 λέτων.-
347 4822 368 4862 τ.
378 4800 692 4878 Ἐπεκθοηθησάντωνδέ]
703 4800 782 4879 ἤγουν
792 4799 972 4881 ἐκδραμόντων
1013 4802 1063 4859 ὑπὸ
1074 4805 1125 4860 τῶν
1140 4801 1280 4874 Ἀθηναίων
1293 4801 1405 4861 ὑπούλου
1418 4801 1538 4880 εὐνομίας
1550 4802 1624 4862 οθδίν
1639 4806 1788 4885 φροντίσαν-

200 4896 235 4959 είς
247 4891 366 4971 βοήθειαν
380 4889 423 4948 ἐπὶ
434 4893 472 4969 τῷ
486 4888 625 4965 συμόάντι.
1012 4909 1063 4954 τες.
1086 4894 1162 4946 τοῦτο
1182 4889 1234 4969 γάρ
1254 4891 1310 4946 ἐστι
1330 4888 1361 4947 τὸ
1380 4888 1598 4969 προτιμήσαντες.
1622 4887 1737 4958 Ἄλλως·
1760 4891 1788 4948 οί

240 4981 314 5040 LVI.
336 4975 442 5053 Αύτόθι]
458 4979 484 5035 ἐν
497 4999 529 5055 τη
542 4975 610 5055 Χίῳ.
623 5010 663 5019 -
674 4994 695 5032 α.
712 4965 799 5052 Πίδος]
814 4973 907 5049 τύπον,
923 4997 972 5051 μη·
1013 4975 1234 5055 προτιμήσαντες,
1250 4978 1279 5034 αὖ
1290 4975 1481 5057 προτιμοτέραν
1493 4975 1611 5056 σχόντες.

201 5065 294 5150 χανήν.
310 5098 349 5110 -
368 5082 390 5124 ³.
408 5062 517 5134 Ἐπειδὴ
536 5061 605 5142 θύρα
625 5064 720 5122 ἐκεῖνον
736 5062 778 5140 ..]
801 5060 889 5133 ἐπειδὴ
904 5060 971 5142 ίώρα
1054 5065 1140 5124 LXV.
1162 5083 1182 5122 ε.
1195 5061 1603 5146 Ἀνιπιτηδείους]τῇόλεγαρχίφ
1614 5065 1784 5136 δηλονότι.-
