3676 5828
641 285 836 346 ursroarm
859 286 931 348 ιιι.
954 289 984 366 ι,
1008 300 1043 350 ιι
1060 325 1099 334 -
1114 304 1159 352 ss.
1673 315 1704 365 ιε

134 418 219 487 ἅγιοι),
231 416 288 497 τῷδ’
302 413 334 472 ἂν
349 413 387 490 μί,
399 413 524 495 προέσθαι
536 417 607 491 ἡμᾶς
621 413 741 490 μοίθοιτε·
757 415 816 496 τρία
832 414 880 492 μὲν
922 430 1272 493 summambincmguoscere
1285 435 1462 496 poteritis,nos
1475 452 1522 487 non
1534 453 1587 490 esse
1598 402 1706 493 desereu·
1742 494 1744 501 ,

132 508 175 566 im
184 505 249 582 λόγου
265 502 324 570 ἄξια
339 506 393 568 τοῖς
405 499 522 573 Ἕλλησι
540 502 663 574 ναυτικοί,
684 504 715 563 τὸ
733 506 796 586 παρ’
817 509 880 583 ὑμῖν
923 514 967 565 dos
980 532 986 564 :
997 531 1073 580 quarm
1083 519 1146 567 enim
1158 521 1249 569 Grecis
1258 525 1307 571 tres
1317 523 1365 572 sint
1374 524 1463 575 classes
1474 534 1605 578 memoratu
1615 530 1707 594 dignm,
1729 525 1731 529 ⁴

132 594 162 653 καὶ
171 593 193 652 τί
201 590 318 672 ἡμέτερον
329 591 374 649 καί
389 589 419 648 τδ
433 588 596 671 Κορινθίων,
610 590 707 649 τούτων
722 592 778 650 δἐἰ
791 593 880 674 περιό-
924 608 1474 672 vestraetnostraetcorintbiorum,sibarnm
1483 615 1593 680 dnasper·
1602 624 1707 669 vestram

130 678 259 763 μυθτλθ
287 682 312 746 ἐς
324 678 418 736 ταύτὸν
431 679 513 737 ἐλθεῖν
525 678 570 737 καί
585 678 715 760 Κορίνθιοι
730 685 800 757 ἡμᾶς
813 705 878 761 προ·
922 694 1088 756 negligentiam
1100 696 1123 744 in
1141 710 1216 745 unum
1228 698 1292 748 coire
1307 701 1476 763 permiseritis,
1489 709 1513 753 et
1530 707 1647 755 corinthii
1663 721 1708 756 nos

130 768 305 849 ιιιιλήθυνται,
317 765 488 847 Κερκυραίοις
498 790 526 824 τε
536 768 582 825 καί
592 767 812 839 Πελοποννησίοις
822 768 879 846 ἅμα
922 783 1124 845 praeoceupariut,
1137 784 1209 833 simul
1225 798 1281 834 cum
1293 790 1425 850 Corcyraeis
1440 794 1465 841 et
1476 793 1655 855 Peloponnesiis
1668 809 1708 843 na·

129 856 292 936 ηυμιγῆσετε,
312 854 448 931 δεξόμενοι
469 852 496 913 δὲ
517 860 588 932 ἡμᾶς
608 853 677 923 ἕξετε
699 856 763 937 πρὸς
787 856 880 923 αὐτοὺς
922 869 975 919 sale
985 869 1074 921 bellum
1084 873 1179 934 geretis.
1214 873 1262 923 Sed
1272 875 1292 923 si
1302 889 1347 926 aos
1356 878 1606 942 receperitis‚maj0re
1616 888 1710 932 vestra·

128 941 706 1024 τλείοεινοιυτὶταῖςὺμετέραιςοίγωνίζεσθαι.ι
738 947 879 1021 (ι)Τοιαῖι’-
922 971 975 1007 mm
996 960 1094 1008 naviuin
1114 974 1214 1010 numero
1228 975 1283 1010 eum
1299 963 1345 1013 illis
1361 963 1473 1016 dimicare
1487 971 1629 1031 poteritis.»
1664 971 1701 1032 (ι)

128 1059 151 1093 τε
161 1033 196 1112 μὲν
206 1037 228 1094 oi
240 1038 397 1114 Κερκυραῖοι
405 1023 491 1090 εἶπον·
502 1035 525 1091 οἱ
539 1030 566 1090 δὲ
576 1032 708 1112 Κορίνθιοι
718 1037 776 1112 μετ’
787 1033 880 1100 αὐτοὺς
922 1049 1000 1109 Atque
1010 1049 1128 1111 Corcyraei
1138 1049 1235 1112 quidem
1246 1052 1301 1100 tatia
1310 1052 1430 1103 dixerunt.
1455 1057 1571 1107 corinthii
1582 1072 1639 1108 vero
1648 1067 1705 1123 post

128 1145 198 1182 εοιαοε.

155 1211 302 1271 λΚΚΚΙΙ.ι
315 1209 468 1287 Ἀναγκαῖον
478 1207 649 1289 Κερκυραίων
660 1210 742 1268 τῶνδε
752 1211 781 1268 οὐ
799 1208 877 1286 μόνον

129 1299 170 1380 sul
183 1304 221 1357 τοῦ
238 1297 358 1366 δέξασθαι
374 1305 441 1378 σρᾶς
454 1295 499 1354 τὸν
515 1294 591 1374 λόγον
605 1295 801 1374 ποιησαμένων,
821 1299 877 1356 ἀλλ’

129 1386 194 1454 irari
204 1391 275 1464 ἡμεῖς
285 1409 315 1445 τε
328 1386 468 1462 ἀδικοῦμεν
482 1382 527 1443 καί
538 1385 613 1442 αὐτοὶ
622 1386 670 1444 οὐκ
683 1384 789 1452 εἰκότως
800 1387 880 1445 πολε·

129 1480 220 1548 pebrac,
233 1472 391 1552 μνησθέντας
400 1476 505 1552 πρῶτον
513 1470 558 1530 καί
570 1473 706 1551 ἧμᾶςπερλ
721 1471 876 1556 ἀμφοτέρων

128 1560 175 1620 cire
188 1562 227 1620 καλ
244 1562 287 1620 ἐπὶ
312 1560 357 1619 τὸν
384 1559 464 1619 ἄλλον
488 1558 564 1637 λόγον
590 1559 670 1632 ἰέναι,
688 1559 731 1618 ίνα
757 1560 805 1632 τὴν
831 1562 875 1642 ἀρ’

128 1652 182 1725 (οὖν
192 1673 217 1708 τε
225 1647 328 1718 ἀξίωσιν
341 1645 536 1728 ἀσφαλέστερον
551 1649 689 1728 προειδῆτε
700 1647 745 1707 καὶ
757 1646 878 1719 τὴντῶν·

128 1739 227 1818 θιγριίαν
235 1737 271 1816 μὴ
284 1735 427 1814 ἀλογίστοις
442 1733 591 1808 ἇπώσςσθε.
635 1739 666 1814 (ι)
684 1736 759 1797 Φασὶ
776 1735 803 1795 δὲ
813 1735 878 1813 ξυμ-

127 1827 201 1905 ρσγίεν
214 1828 255 1885 tri
267 1826 298 1885 τὸ
311 1829 414 1906 σι’ἶιρρον
429 1823 529 1892 οὐδενός
543 1848 585 1882 πω
600 1823 734 1892 δέξασθαι·
751 1826 781 1883 τὸ
795 1825 817 1884 θ’
832 1824 876 1883 tul

126 1894 238 1996 κακουργία
251 1914 297 1974 καὶ
316 1916 364 1972 οθκ
383 1915 464 1992 ἀρετῇ
483 1910 669 1984 ἐπετήδευσαν,
687 1910 826 1991 ξόμμαχόν
844 1936 873 1971 τε

126 2002 192 2061 ellim
212 2001 361 2083 βουλόμενοι
382 2000 447 2079 πρὸς
474 1998 642 2077 τείδικιίματα
666 1999 724 2058 οὐδὲ
749 2000 874 2083 μάρτυρα

126 2090 184 2170 ipsu,
201 2091 256 2150 οθεε
274 2091 489 2170 παρακαλοῦντες
507 2085 684 2167 αἰσχύνεσθαι.
729 2091 761 2165 (τι)
785 2088 838 2148 Καί
857 2093 874 2159 ἡ

125 2178 178 2246 πόλις
187 2181 265 2238 αὖτῖιν
280 2177 351 2253 ἅμα,
364 2175 481 2257 αὐτάρκη
490 2173 559 2234 θέσιν
573 2174 690 2252 κειμένη,
702 2175 813 2257 παρέχει
826 2179 875 2234 αὖ-

124 2266 165 2334 τολς
176 2264 291 2333 δικαστὰς
302 2257 339 2324 ὧν
354 2262 502 2344 βλάπτουσί
515 2286 572 2321 τινα
588 2264 688 2339 μᾶλλον
700 2261 717 2333 ἢ
733 2262 802 2322 κατὰ
817 2263 875 2332 ξυν-

122 2355 330 2434 ίίεαςγίγνεσθαι,
342 2350 385 2411 διδ
394 2351 425 2410 τὸ
434 2351 531 2422 ἥκιστα
543 2350 586 2410 ἐπὶ
596 2348 655 2417 τοθς
664 2349 744 2417 πέλας
752 2352 876 2412 ἐκπλέον-

121 2443 264 2520 τσςμόλιστα
275 2440 334 2508 rob<
343 2438 438 2505 ἄλλους
447 2437 548 2518 ἀνάγκῃ
559 2437 731 2518 καταίροντας
741 2438 873 2519 δέχεσθαι.

120 2534 141 2607 (ι)
150 2535 200 2593 tias
209 2529 292 2610 τούτῳ
305 2528 336 2588 τὸ
351 2523 476 2608 εὐπρεπές
491 2526 619 2586 ἄσπονδον
631 2529 680 2604 οὐχ
691 2525 733 2584 ἵνα
746 2529 784 2604 μὴ
799 2525 876 2594 ξυνα-

118 2616 339 2697 διειῇσιισινίτίροις
350 2613 556 2694 προδέδληνται,
564 2611 700 2680 ἀλλ’όπιιις
711 2613 780 2673 κατὰ
795 2614 876 2693 μόνας

115 2707 204 2767 iiim
216 2705 262 2764 καὶ
271 2703 344 2770 ὅπως
358 2706 385 2761 ἐν
403 2694 427 2784 ᾧ
441 2700 488 2778 μὲν
506 2702 537 2760 ἂν
551 2705 668 2782 κρατῶσι
683 2701 832 2780 βιάζωνται,
846 2697 875 2762 οὗ

114 2794 270 2853 δ’δνλόθιοσι
282 2790 362 2850 πλέον
377 2791 481 2870 ἔχωσιν,
495 2789 527 2860 ἢν
542 2789 570 2848 δέ
585 2789 635 2848 πού
651 2814 676 2848 τι
688 2791 874 2872 προσλοίόωσιν

113 2884 307 2962 διαισγυντῶαιν.
351 2882 383 2956 (ε)
398 2878 492 2940 Καίτοι
502 2880 525 2936 εί
539 2870 605 2950 ἦσαν
619 2878 708 2958 ἄνδρες
721 2878 810 2961 ὥσπερ
822 2903 875 2959 ρα-

113 2970 142 3027 eb
150 2969 253 3049 ἀγαθοί,
263 2968 318 3047 όσιρ
328 2965 501 3047 ἅληπτόεεροι
513 2957 581 3037 ἦσαν
593 2969 646 3032 τοῖς
664 2963 761 3043 πέλας,
775 2969 874 3047 τοσῷδε

111 3057 275 3139 φανερωτέραν
288 3055 347 3126 ἐξῆν
362 3054 449 3120 αὐτοῖς
461 3052 509 3124 τὴν
524 3051 618 3135 ἀρετὴν
629 3053 727 3111 διδοῦσι
739 3053 784 3112 καὶ
796 3055 871 3134 δεχο-

110 3145 178 3223 ρίιοις
187 3144 222 3204 εδ
232 3143 323 3203 δίκαια
339 3140 477 3200 δεικνύναι.

137 3234 294 3296 xxxviii.
317 3259 331 3282 ι
355 3229 424 3290 Ἀλλ’
436 3226 494 3286 οὔτε
511 3225 575 3305 πρὸς
592 3225 651 3293 τοὺς
667 3225 761 3294 ἄλλους
775 3227 834 3288 οὔτε
848 3231 873 3296 ἐς

109 3321 267 3399 tarsici&
288 3317 364 3396 εἰσίν,
382 3316 486 3376 ἄποικοι
504 3317 525 3373 δ’
545 3315 616 3381 ὄντες
632 3315 761 3396 α’ρεστᾶσί
780 3339 807 3374 τε
830 3315 872 3374 διὰ

109 3410 187 3478 tanin<
197 3408 298 3469 καῖνῦν
307 3409 466 3482 πολεμῶσι,
477 3403 594 3482 λέγοντες
607 3406 642 3469 όις
655 3405 703 3462 οὐκ
715 3402 758 3462 ἐπὶ
767 3408 805 3485 τῷ
820 3429 870 3463 κα-

109 3497 261 3576 ιίκπόπγιιν
273 3491 495 3574 ίκπεμγθιίησαν.
538 3493 573 3567 (2)
587 3491 680 3568 Ἡμεῖς
692 3489 719 3550 δὲ
731 3492 785 3551 οὐδ’
796 3491 870 3551 αὐτοί

110 3606 177 3662 papas
187 3585 231 3644 tat
243 3587 284 3663 τῷ
297 3579 456 3640 θπίιτοότιιιν
471 3576 619 3661 θόρίζεσθαι
634 3579 796 3652 κατοικίσαι,
814 3581 872 3638 ἀλλ’

112 3672 186 3753 linei}
197 3668 324 3749 ἡγεμόνες
339 3691 365 3727 τε
382 3657 507 3725 εἶναικαὶ
524 3664 558 3724 cb
574 3665 661 3724 είκότα
682 3666 870 3742 θαυμάζεσθαι.

70 3800 73 3839 Ι
114 3762 137 3831 (si
148 3764 178 3821 Αἱ
187 3767 247 3839 γοῦν
258 3758 340 3816 α’λλαι
350 3754 469 3814 ἀποικίαι
483 3758 593 3832 τιμῶσιν
605 3757 675 3829 ἡμᾶς
683 3798 690 3825 ,
698 3753 743 3812 καὶ
754 3752 871 3832 μοίλιστα

69 3850 74 3933 j
114 3846 272 3907 ίαοᾶποίκυιν
293 3842 469 3924 στεργόμεθα·
512 3843 544 3919 (ι)
563 3841 608 3900 καὶ
627 3843 704 3912 δῆλον
725 3840 765 3900 ὅτι
784 3845 806 3900 εἰ
820 3866 873 3909 τοις

113 3934 198 3994 elim
209 3930 362 4016 ἀρίσκοντίς
374 3933 463 4008 ἐσμεν,
483 3929 564 3988 τοῖσδ’
580 3928 612 3988 διν
628 3928 715 4004 μόνοις
733 3931 781 3989 οὐκ
792 3933 873 4013 ὀρθῶς

116 4026 296 4106 ὶισρίσκοιμεν,
312 4023 367 4082 οὐδ’
385 4020 604 4103 ίπιστρατείιομεν
623 4023 758 4102 ἐκπρεπῶς
775 4020 812 4100 μὴ
827 4046 872 4080 και

117 4110 261 4194 &apprime
281 4136 307 4170 τι
319 4110 494 4187 ἀδικούμενοι.
541 4111 572 4186 (ο)
587 4107 676 4169 Καλὸν
697 4101 773 4181 δ’ἦν,
788 4110 870 4167 εἶκαὶ

117 4200 286 4279 ίμιρτένυμεν,
300 4199 385 4259 τοῖσδε
397 4195 445 4276 μὲν
461 4186 527 4265 εἶξαι
544 4200 577 4276 τῇ
590 4195 706 4276 ἡμετέρα
718 4198 793 4275 ὀργῇ,
806 4200 870 4274 ἡμῖν

921 1149 962 1185 eos
976 1136 1029 1185 baec
1042 1152 1048 1185 ε

953 1227 1073 1273 llxxvii.
1093 1244 1105 1267 ιι
1118 1224 1236 1283 Quoniam
1256 1227 1296 1276 isti
1309 1231 1429 1291 corcyrai
1446 1245 1493 1280 non
1506 1233 1584 1282 solum
1600 1233 1631 1284 de
1640 1247 1667 1286 sc
1681 1236 1705 1284 in

921 1303 1059 1353 societatem
1069 1304 1212 1368 recipiendis
1223 1307 1296 1356 verbs
1308 1308 1414 1358 lecerunt
1420 1346 1428 1372 ,
1440 1309 1565 1361 sedetiam
1576 1326 1602 1362 se
1613 1327 1627 1362 ιι
1637 1314 1707 1363 nobis

921 1382 1031 1443 injuriam
1042 1384 1176 1446 accepisse,
1186 1389 1209 1434 et
1222 1386 1304 1448 irriqrro
1316 1387 1378 1437 bello
1390 1390 1479 1451 premi,
1490 1405 1587 1442 neeesse
1599 1396 1652 1455 ert,
1663 1407 1708 1443 nos

921 1475 1017 1524 quoque
1030 1467 1130 1525 utraque
1142 1464 1172 1513 de
1185 1478 1210 1514 re
1220 1478 1296 1528 panca
1313 1467 1416 1530 primum
1428 1482 1573 1533 memorare,
1584 1475 1657 1534 atque
1670 1472 1705 1522 sic

920 1540 950 1590 ad
967 1542 1083 1604 reliquam
1100 1543 1233 1593 orationem
1251 1546 1380 1608 accedere,
1397 1552 1424 1596 nt
1441 1553 1465 1598 et
1484 1555 1567 1599 nostra
1585 1553 1706 1613 postulata

919 1621 1009 1671 tutiora
1018 1635 1073 1672 esse
1087 1623 1249 1686 provideatis,
1259 1630 1284 1674 et
1299 1627 1400 1675 istorum
1409 1628 1578 1680 necessitatem
1591 1644 1640 1679 non
1652 1631 1706 1681 sine

920 1701 1011 1750 ratione
1028 1701 1165 1763 repudietis.
1201 1705 1234 1764 (ι)
1252 1704 1325 1753 liunt
1340 1710 1421 1755 autem
1433 1719 1459 1756 se
1475 1707 1608 1770 prudentias
1624 1709 1707 1759 studio

920 1780 1009 1830 nullius
1019 1781 1157 1831 serietatem
1169 1796 1274 1845 unquam
1286 1785 1411 1847 recepisse.
1445 1785 1481 1835 llli
1491 1799 1549 1835 vero
1556 1787 1602 1836 boc
1612 1787 1706 1838 instita·

920 1863 971 1909 tum
987 1861 1062 1910 secuti
1077 1867 1133 1910 sunt
1148 1863 1257 1911 maleticii
1271 1877 1318 1912 nou
1332 1869 1413 1913 autem
1427 1865 1523 1914 uirtutis
1538 1867 1633 1928 studio,
1644 1869 1702 1930 quia

919 1940 1012 1989 nullum
1023 1941 1140 1989 scelerum
1150 1941 1255 1999 socium,
1266 1943 1407 2005 nullumque
1417 1949 1502 1993 testem
1514 1945 1615 2006 babere,
1626 1961 1706 2009 neque

919 2018 1551 2082 aliorumopemimploranteserubescerevoluernut.
1585 2025 1619 2087 (3)
1628 2026 1705 2075 Simul

919 2099 992 2148 etiam
1003 2099 1108 2162 ipsorum
1117 2099 1188 2157 urbs,
1197 2112 1252 2160 qrrae
1260 2106 1355 2161 propter
1365 2101 1438 2148 situm
1448 2099 1515 2148 irum
1522 2105 1547 2150 et
1554 2114 1580 2149 se
1587 2107 1699 2151 contenta

919 2181 970 2236 est,
981 2177 1026 2225 boc
1037 2176 1066 2225 iis
1075 2176 1228 2224 eonrruodnrn
1241 2175 1345 2238 praebet,
1357 2182 1383 2224 ut
1392 2177 1438 2240 ipsi
1453 2179 1546 2239 potius,
1557 2178 1578 2226 si
1593 2179 1631 2227 cui
1643 2179 1704 2240 inju-

919 2254 979 2302 riam
993 2253 1103 2314 lecerint,
1113 2253 1195 2302 arbitri
1209 2253 1271 2312 sint,
1282 2267 1354 2316 quam
1364 2268 1393 2303 ex
1405 2254 1493 2316 partis,
1503 2261 1626 2317 propterea
1636 2257 1703 2319 quod

919 2331 978 2380 dum
987 2330 1018 2379 ad
1028 2330 1141 2380 finitimos
1155 2331 1276 2379 rarissime
1286 2331 1410 2392 navigant,
1422 2332 1482 2381 alios
1497 2333 1638 2383 necessitate
1648 2335 1705 2383 illuc

918 2409 1064 2474 appellentes
1074 2411 1206 2473 saepissime
1214 2410 1346 2473 excipiunt.
1381 2412 1414 2473 (4)
1426 2415 1505 2473 atque
1514 2411 1560 2461 bac
1571 2413 1595 2461 in
1605 2427 1630 2462 re
1640 2413 1704 2476 posi·

919 2499 971 2543 tum
985 2497 1022 2542 est
1035 2492 1094 2542 illud
1107 2492 1233 2552 decorum,
1250 2492 1315 2554 quod
1330 2493 1499 2555 praetendunt,
1518 2508 1544 2544 sc
1559 2496 1589 2544 ab
1602 2496 1703 2545 aliorum

919 2576 1033 2626 societate
1048 2575 1213 2636 abbormisse,
1226 2590 1272 2625 non
1288 2581 1315 2624 ιιι
1325 2575 1424 2625 aliorum
1443 2577 1467 2625 in
1477 2578 1606 2628 sceleribus
1622 2593 1703 2642 perpe·

919 2659 1010 2709 trandis
1023 2661 1162 2709 societatem
1178 2660 1282 2723 lugiunt,
1293 2659 1335 2709 sed
1351 2665 1376 2708 ut
1386 2660 1430 2708 soli
1446 2663 1535 2711 scelera
1549 2667 1702 2725 perpetrent3

919 2749 1006 2806 utque,
1017 2744 1057 2792 ubi
1069 2743 1166 2806 quidem
1179 2744 1324 2807 potentiores
1336 2748 1406 2803 sunt,
1418 2743 1468 2792 sim
1479 2744 1578 2804 laciant;
1591 2745 1630 2793 nbi
1646 2759 1701 2795 sero

918 2826 1004 2885 latent,
1016 2825 1099 2875 fraude
1109 2825 1340 2886 circumveniant,et
1348 2826 1368 2875 si
1380 2825 1438 2888 quid
1450 2828 1569 2888 ceperint,
1580 2828 1703 2892 impuden-

918 2909 976 2958 tiam
985 2907 1093 2956 induant.
1127 2909 1161 2971 (5)
1179 2913 1213 2958 tc
1223 2920 1280 2957 vero
1293 2908 1328 2967 si,
1338 2908 1542 2971 quemadmodum
1558 2910 1702 2973 predicant,

918 2992 961 3040 viri
970 2996 1051 3040 essent
1060 2991 1186 3053 boni,qno
1196 2991 1451 3055 minusabaliisnlliigi
1459 2995 1703 3056 poterant,eomagis

917 3075 976 3138 ipsis
985 3076 1099 3125 virtutem
1109 3073 1236 3124 ostendere
1245 3075 1343 3136 licebat,
1352 3090 1423 3140 aequo
1431 3078 1484 3139 jure
1494 3090 1550 3126 eum
1562 3077 1615 3126 aliis
1624 3076 1700 3126 disre-

916 3160 1013 3223 plaudo.

947 3245 1079 3293 xxxvlll.
1098 3261 1110 3285 ιι
1123 3242 1170 3292 sed
1183 3255 1261 3304 neque
1276 3256 1331 3304 erga
1343 3244 1416 3303 alios,
1429 3258 1506 3307 neqrre
1518 3259 1573 3306 erga
1584 3259 1629 3295 nos
1642 3247 1701 3298 tales

915 3322 1030 3372 existunt.
1048 3324 1108 3371 llam
1117 3334 1192 3382 qurum
1199 3321 1273 3370 nostri
1284 3320 1331 3370 sint
1340 3320 1425 3380 coloni,
1436 3327 1597 3386 taruenquum
1607 3338 1702 3388 semper

916 3407 971 3452 ante
982 3414 996 3450 a
1007 3401 1076 3450 nobis
1085 3399 1156 3449 alieni
1168 3399 1264 3449 inerunt
1276 3406 1328 3449 tum
1338 3415 1401 3450 ιιιιιιυ
1412 3402 1485 3450 etiam
1496 3403 1585 3452 bellum
1598 3403 1701 3465 iaciunt,

916 3483 1021 3533 dicentes
1038 3496 1078 3542 se,
1090 3495 1137 3531 non
1154 3486 1182 3530 ιιι
1197 3481 1320 3532 maleficiis
1335 3483 1493 3544 allicerentur,
1505 3483 1630 3535 deductos.
1664 3487 1700 3547 (2)

915 3571 965 3618 Nos
976 3580 1033 3616 vcro
1049 3564 1237 3628 respondemus,
1250 3580 1280 3616 ne
1292 3579 1336 3614 nos
1351 3566 1462 3628 equidem
1474 3567 1562 3617 idcirco
1578 3569 1698 3619 coloniam

915 3649 1056 3710 delusisse,
1069 3653 1096 3697 ut
1107 3649 1137 3697 ab
1149 3648 1207 3711 ipsis
1218 3648 1362 3697 contumelia
1373 3648 1534 3707 afficeremur,
1547 3650 1588 3700 sed
1602 3656 1628 3700 ut
1640 3653 1701 3714 ipso·

915 3746 968 3781 rum
978 3731 1052 3781 duces
1063 3744 1186 3790 essemus,
1197 3735 1221 3780 et
1233 3730 1310 3793 quoad
1320 3731 1390 3781 decet
1401 3732 1431 3780 ab
1443 3732 1489 3781 illis
1499 3733 1638 3783 ooleremur.
1666 3735 1701 3798 (3)

849 3847 863 3859 .
916 3818 946 3864 Et
956 3826 1014 3863 vero
1027 3817 1112 3862 ceterae
1125 3813 1224 3862 colonias
1237 3826 1280 3862 nos
1294 3813 1425 3874 honorant,
1434 3818 1459 3864 et
1471 3816 1597 3865 matrimes
1608 3818 1699 3867 colonis

914 3897 1042 3959 diligimur.
1075 3898 1109 3957 (ι)
1123 3901 1200 3959 Atque
1209 3901 1288 3959 patet,
1297 3897 1318 3945 si
1328 3897 1411 3957 maiori
1421 3910 1522 3947 numero
1531 3899 1591 3960 grati
1602 3913 1700 3959 sumus,

862 4023 868 4042 ,
914 3995 959 4032 nos
977 3980 1030 4028 istis
1042 3978 1099 4028 solis
1115 3980 1236 4028 immerito
1248 3992 1301 4029 esse
1319 3979 1423 4039 inrisos,
1437 3993 1514 4042 neque
1532 3982 1622 4030 bellum
1640 3983 1698 4045 ipsis

915 4062 1006 4125 egregie
1015 4061 1123 4110 illaturos
1132 4075 1199 4121 esse,
1210 4062 1255 4110 nisi
1266 4062 1338 4110 etiarn
1349 4061 1465 4122 insignem
1475 4063 1579 4125 aliquam
1589 4064 1699 4124 injuriam

914 4151 1057 4210 pateremur.
1098 4145 1131 4207 (5)
1152 4144 1200 4194 Sed
1219 4145 1331 4206 quamvis
1349 4132 1531 4207 peccassemus,
1551 4151 1632 4196 tamen
1653 4149 1700 4197 illis

914 4229 1012 4293 quidem
1028 4229 1157 4291 gloriosum
1173 4233 1237 4288 erat,
1249 4229 1380 4278 iracundiae
1394 4210 1484 4278 nostrae
1499 4233 1616 4293 cessisse;
1629 4232 1699 4282 nobis

116 4284 243 4370 ῖθῖσλρ*
266 4286 410 4367 βιάσασθαί
433 4283 482 4355 ’ἢν
506 4281 603 4342 τούτων
625 4281 798 4362 θετῖῑότθτΨ
841 4285 871 4361 (θ)
915 4328 972 4364 reru
989 4314 1092 4373 rodum,
1104 4326 1187 4363 eorum
1206 4311 1362 4361 moderationi
1382 4313 1431 4361 vim
1445 4313 1562 4363 attulisse.
1598 4316 1632 4376 (ι)
1650 4315 1699 4365 sed

118 4370 171 4454 “ill
182 4376 207 4435 δὲ
217 4376 262 4437 καὶ
274 4372 378 4454 &We
390 4370 503 4430 πλούτου
517 4370 604 4429 πολλὰ
625 4372 651 4436 ἐς
668 4374 738 4446 ἡμᾶς
755 4371 824 4429 ὒθα
843 4395 871 4430 τε
916 4397 1045 4461 petulantia
1056 4409 1176 4460 opumque
1187 4395 1365 4458 licentiaquum
1377 4395 1424 4444 alia
1436 4397 1512 4445 multa
1524 4398 1548 4446 in
1561 4411 1605 4446 nos
1617 4412 1698 4461 pecca·

117 4462 260 4543 W&
273 4461 321 4522 καί
338 4459 502 4537 Ἐπίδαμνον
520 4456 653 4538 buitim
674 4449 754 4516 Οἶσθ*
773 4481 872 4517 κακου-
914 4486 1013 4540 vemnt,
1026 4485 1077 4529 tum
1089 4481 1162 4529 etiam
1176 4478 1348 4541 Epidamnum,
1359 4483 1448 4528 nostrae
1459 4479 1556 4529 ditionis
1567 4481 1697 4538 eclrmiam,

118 4547 177 4621 lf't'
188 4550 234 4630 μί*
246 4554 277 4610 ὠ
298 4551 518 4632 πρωῑπθῑῶνῖθν
537 4544 662 4605 ἐλθόντων
684 4544 712 4604 δὲ
732 4548 808 4622 ἡμῶν
828 4545 873 4604 ἐπὶ
915 4563 990 4611 donec
1001 4562 1099 4625 qrridem
1118 4561 1180 4610 bello
1192 4566 1327 4621 vexaretur,
1340 4575 1386 4610 non
1403 4561 1561 4623 affectabant,
1574 4563 1617 4611 sed
1628 4562 1698 4614 nobis

117 4640 203 4720 ιφιιρία
214 4639 314 4706 ἑλόντες
329 4635 375 4717 βία
388 4635 501 4716 ἔχουσιν.
915 4646 996 4695 auxilii
1008 4658 1080 4695 causa
1092 4658 1120 4694 eo
1133 4644 1256 4708 proiectis,
1269 4644 1372 4707 pervim
1384 4649 1478 4707 captam
1490 4645 1600 4693 retinent.
1725 4651 1729 4657 '

143 4702 258 4791 ΠΚΙΧ.
275 4755 288 4779 ιι
303 4725 358 4787 Καί
367 4723 432 4806 φασί
440 4721 472 4794 δὴ
483 4721 541 4802 δίκῃ
548 4720 673 4801 πρότερον
683 4723 805 4793 ἐθελῆσαι
817 4720 874 4801 κρί-
947 4732 1051 4778 lllllllll.
1071 4749 1082 4770 ιι
1094 4730 1148 4777 lam
1158 4741 1215 4776 vero
1224 4726 1349 4786 dictitant,
1357 4726 1480 4787 sejudicio
1490 4728 1556 4790 prius
1565 4726 1700 4789 disceptare

116 4819 190 4885 veta,
202 4817 234 4890 ἣν
251 4839 283 4896 γι
302 4816 335 4874 οδ
354 4813 401 4870 τὸν
415 4809 563 4892 προύχοντα
577 4811 623 4868 καί
637 4814 667 4868 ἐκ
681 4815 726 4868 τοῦ
741 4811 873 4889 ἀσφαλοῦς
915 4817 1075 4877 volarisse,de
1084 4829 1133 4877 qno
1141 4815 1239 4877 quidem
1248 4829 1296 4863 non
1306 4815 1436 4878 iltum‚qui
1447 4816 1554 4877 superior
1563 4819 1645 4874 est,et
1655 4815 1698 4877 (poi

115 4904 295 4984 ῐρααλοίμενον
313 4902 404 4979 λέγειν
423 4922 450 4956 τι
464 4899 547 4957 δοκεῖν
562 4899 616 4970 δεῖ,
631 4894 700 4955 ἀλλὰ
718 4895 762 4954 τὸν
778 4898 803 4962 ἐς
817 4895 872 4954 ίσον
916 4918 946 4954 ex
966 4908 1017 4953 tuto
1029 4903 1060 4951 ad
1075 4903 1272 4966 disceptationem
1287 4907 1415 4964 provocat,
1427 4907 1520 4964 oportet
1536 4901 1612 4950 sideri
1628 4915 1698 4964 aequa

115 4985 231 5074 ἳίαίρνα
244 4990 347 5069 ὁμοίως
363 4986 412 5046 καὶ
424 4982 483 5051 τοὺς
493 4983 584 5063 λόγους
600 4984 661 5065 πρὶν
676 4983 872 5062 διαγωνίζεσθαι
915 4989 1371 5052 dicere‚sedittum.qniequojuoirio
1381 4988 1697 5052 etresetrcrbaantequam

114 5048 247 5140 ῐιθιατόίςα.
294 5081 329 5159 (ε)
344 5067 431 5136 Οὗτοι
449 5073 471 5131 δ’
487 5075 516 5130 οὐ
532 5071 592 5151 πρίν
610 5073 757 5151 πολιορκεῖν
771 5071 801 5130 τὸ
818 5095 873 5153 γω-
916 5080 1006 5129 bellum
1017 5079 1126 5141 incipiat,
1138 5076 1243 5141 subjicit.
1276 5076 1310 5139 (2)
1325 5076 1354 5127 lli
1365 5077 1627 5140 verononpriusquam
1638 5078 1698 5126 lianc
