<?xml version="1.0" encoding="UTF-8"?>
<!DOCTYPE html PUBLIC "-//W3C//DTD XHTML 1.0 Transitional//EN"
    "http://www.w3.org/TR/xhtml1/DTD/xhtml1-transitional.dtd">
<html xmlns="http://www.w3.org/1999/xhtml" xml:lang="en" lang="en">
 <head>
  <title>
</title>
<meta http-equiv="Content-Type" content="text/html;charset=utf-8" />
  <meta name='ocr-system' content='tesseract 3.04.00' />
  <meta name='ocr-capabilities' content='ocr_page ocr_carea ocr_par ocr_line ocrx_word'/>
</head>
<body>
  <div class='ocr_page' id='page_1' title='image "./historiabellipe00thucgoog/historiabellipe00thucgoog_0533.png"; bbox 0 0 3676 5828; ppageno 0'>
   <div class='ocr_carea' id='block_1_1' title="bbox 598 321 1693 394">
    <p class='ocr_par' dir='ltr' id='par_1_1' title="bbox 598 321 1693 394">
     <span class='ocr_line' id='line_1_1' title="bbox 598 321 1693 394; baseline -0.007 -6"><span class='ocrx_word' id='word_1_1' title='bbox 598 322 770 388; x_wconf 79' lang='lat' dir='ltr'><strong>SCHOLIA.</strong></span> <span class='ocrx_word' id='word_1_2' title='bbox 793 321 851 394; x_wconf 83' lang='lat' dir='ltr'>VI,</span> <span class='ocrx_word' id='word_1_3' title='bbox 874 327 1016 382; x_wconf 76' lang='grc'>34-38.</span> <span class='ocrx_word' id='word_1_4' title='bbox 1639 329 1693 381; x_wconf 78' lang='grc'>101</span> 
     </span>
    </p>
   </div>
   <div class='ocr_carea' id='block_1_2' title="bbox 91 458 1699 732">
    <p class='ocr_par' dir='ltr' id='par_1_2' title="bbox 91 458 1699 732">
     <span class='ocr_line' id='line_1_2' title="bbox 93 458 1697 560; baseline -0.017 -16"><span class='ocrx_word' id='word_1_5' title='bbox 93 485 167 556; x_wconf 80' lang='grc' dir='ltr'><strong>νίκης</strong></span> <span class='ocrx_word' id='word_1_6' title='bbox 177 478 283 548; x_wconf 74' lang='grc' dir='ltr'>ἰκτίνοις</span> <span class='ocrx_word' id='word_1_7' title='bbox 295 474 460 560; x_wconf 88' lang='grc' dir='ltr'>προςέθηκεν.</span> <span class='ocrx_word' id='word_1_8' title='bbox 471 502 504 515; x_wconf 89' lang='grc'>-</span> <span class='ocrx_word' id='word_1_9' title='bbox 515 469 595 552; x_wconf 81' lang='grc' dir='ltr'>Παρά</span> <span class='ocrx_word' id='word_1_10' title='bbox 603 467 692 548; x_wconf 89' lang='grc' dir='ltr'>λόγον]</span> <span class='ocrx_word' id='word_1_11' title='bbox 702 464 776 547; x_wconf 75' lang='grc' dir='ltr'>παρὰ</span> <span class='ocrx_word' id='word_1_12' title='bbox 786 463 870 533; x_wconf 75' lang='grc' dir='ltr'>δόξαν.</span> <span class='ocrx_word' id='word_1_13' title='bbox 914 460 1089 544; x_wconf 78' lang='grc' dir='ltr'>ροόουμένους</span> <span class='ocrx_word' id='word_1_14' title='bbox 1103 459 1229 533; x_wconf 88' lang='grc' dir='ltr'>κίνδυνον,</span> <span class='ocrx_word' id='word_1_15' title='bbox 1242 458 1429 542; x_wconf 85' lang='grc' dir='ltr'>ἀσραλέστατα</span> <span class='ocrx_word' id='word_1_16' title='bbox 1448 459 1697 540; x_wconf 72' lang='grc' dir='ltr'>παρασκευάζεσθαι</span> 
     </span>
     <span class='ocr_line' id='line_1_3' title="bbox 132 548 1127 640; baseline -0.029 -6"><span class='ocrx_word' id='word_1_17' title='bbox 132 570 264 634; x_wconf 81' lang='lat' dir='ltr'><strong>XXXIV.</strong></span> <span class='ocrx_word' id='word_1_18' title='bbox 286 565 329 627; x_wconf 89' lang='grc' dir='ltr'>Τά</span> <span class='ocrx_word' id='word_1_19' title='bbox 343 588 370 622; x_wconf 90' lang='grc' dir='ltr'>τε</span> <span class='ocrx_word' id='word_1_20' title='bbox 383 561 475 640; x_wconf 79' lang='grc' dir='ltr'>αὐτοῦ]</span> <span class='ocrx_word' id='word_1_21' title='bbox 487 559 567 638; x_wconf 88' lang='grc' dir='ltr'>ἡγουν</span> <span class='ocrx_word' id='word_1_22' title='bbox 579 556 613 616; x_wconf 82' lang='grc' dir='ltr'>τὰ</span> <span class='ocrx_word' id='word_1_23' title='bbox 625 558 651 614; x_wconf 84' lang='grc' dir='ltr'>ἰν</span> <span class='ocrx_word' id='word_1_24' title='bbox 661 557 728 636; x_wconf 82' lang='grc' dir='ltr'>τῷδε</span> <span class='ocrx_word' id='word_1_25' title='bbox 739 556 777 634; x_wconf 82' lang='grc' dir='ltr'>τῷ</span> <span class='ocrx_word' id='word_1_26' title='bbox 787 552 871 632; x_wconf 83' lang='grc' dir='ltr'>τόπῳ.</span> <span class='ocrx_word' id='word_1_27' title='bbox 914 548 1127 631; x_wconf 85' lang='grc' dir='ltr'>χρησιμώτατον.</span> 
     </span>
     <span class='ocr_line' id='line_1_4' title="bbox 91 634 1699 732; baseline -0.024 -13"><span class='ocrx_word' id='word_1_28' title='bbox 91 692 125 701; x_wconf 97' lang='grc'>-</span> <span class='ocrx_word' id='word_1_29' title='bbox 138 653 364 732; x_wconf 81' lang='grc' dir='ltr'>Βιόαιωσώμεθα]</span> <span class='ocrx_word' id='word_1_30' title='bbox 379 648 498 730; x_wconf 81' lang='grc' dir='ltr'>βεόαίους</span> <span class='ocrx_word' id='word_1_31' title='bbox 507 647 596 728; x_wconf 76' lang='grc' dir='ltr'>φίλους</span> <span class='ocrx_word' id='word_1_32' title='bbox 604 642 766 718; x_wconf 83' lang='grc' dir='ltr'>ποιήσωμεν.</span> <span class='ocrx_word' id='word_1_33' title='bbox 775 670 808 681; x_wconf 86' lang='grc'>-</span> <span class='ocrx_word' id='word_1_34' title='bbox 817 639 873 700; x_wconf 83' lang='grc' dir='ltr'>Καὶ</span> <span class='ocrx_word' id='word_1_35' title='bbox 893 684 895 731; x_wconf 71' lang='grc' dir='ltr'>Ι</span> <span class='ocrx_word' id='word_1_36' title='bbox 956 640 1070 699; x_wconf 88' lang='lat' dir='ltr'><strong>XXXV.</strong></span> <span class='ocrx_word' id='word_1_37' title='bbox 1091 635 1181 715; x_wconf 88' lang='grc' dir='ltr'>Λέγει]</span> <span class='ocrx_word' id='word_1_38' title='bbox 1194 636 1386 717; x_wconf 72' lang='grc' dir='ltr'>Ἑρμοκράτης,</span> <span class='ocrx_word' id='word_1_39' title='bbox 1399 663 1431 672; x_wconf 91' lang='grc'>-</span> <span class='ocrx_word' id='word_1_40' title='bbox 1441 636 1479 699; x_wconf 74' lang='lat'>³0</span> <span class='ocrx_word' id='word_1_41' title='bbox 1496 661 1522 695; x_wconf 70' lang='grc' dir='ltr'>τι</span> <span class='ocrx_word' id='word_1_42' title='bbox 1536 638 1583 695; x_wconf 74' lang='grc' dir='ltr'>οὐχ</span> <span class='ocrx_word' id='word_1_43' title='bbox 1596 634 1627 694; x_wconf 66' lang='grc' dir='ltr'>ἡν</span> <span class='ocrx_word' id='word_1_44' title='bbox 1640 645 1699 714; x_wconf 56' lang='grc' dir='ltr'>μιῑ.</span> 
     </span>
    </p>
   </div>
   <div class='ocr_carea' id='block_1_3' title="bbox 54 721 1756 5211">
    <p class='ocr_par' dir='ltr' id='par_1_3' title="bbox 54 721 1756 5211">
     <span class='ocr_line' id='line_1_5' title="bbox 92 721 1698 825; baseline -0.014 -19"><span class='ocrx_word' id='word_1_45' title='bbox 92 744 243 825; x_wconf 78' lang='grc' dir='ltr'>ξυμμαχίαν</span> <span class='ocrx_word' id='word_1_46' title='bbox 257 740 408 820; x_wconf 80' lang='grc' dir='ltr'>πειρώμεθα</span> <span class='ocrx_word' id='word_1_47' title='bbox 425 735 568 813; x_wconf 89' lang='grc' dir='ltr'>ποιεῖσθαι]</span> <span class='ocrx_word' id='word_1_48' title='bbox 588 735 689 812; x_wconf 87' lang='grc' dir='ltr'>έχθροῖς</span> <span class='ocrx_word' id='word_1_49' title='bbox 706 721 764 788; x_wconf 81' lang='grc' dir='ltr'>ούσι</span> <span class='ocrx_word' id='word_1_50' title='bbox 778 729 873 798; x_wconf 91' lang='grc' dir='ltr'>δηλον-</span> <span class='ocrx_word' id='word_1_51' title='bbox 893 738 895 760; x_wconf 82' lang='grc'><strong>“</strong></span> <span class='ocrx_word' id='word_1_52' title='bbox 916 731 958 796; x_wconf 90' lang='grc' dir='ltr'>ζον</span> <span class='ocrx_word' id='word_1_53' title='bbox 974 725 1150 804; x_wconf 88' lang='grc' dir='ltr'>ἀντιπάθοιεν]</span> <span class='ocrx_word' id='word_1_54' title='bbox 1164 725 1268 802; x_wconf 85' lang='grc' dir='ltr'>μείζονα</span> <span class='ocrx_word' id='word_1_55' title='bbox 1280 729 1430 784; x_wconf 76' lang='grc' dir='ltr'>ἀντιπαθεῖν</span> <span class='ocrx_word' id='word_1_56' title='bbox 1442 724 1501 792; x_wconf 85' lang='grc' dir='ltr'>τοίις</span> <span class='ocrx_word' id='word_1_57' title='bbox 1517 724 1666 796; x_wconf 78' lang='grc' dir='ltr'>Ἀθηναίους</span> <span class='ocrx_word' id='word_1_58' title='bbox 1681 725 1698 798; x_wconf 80' lang='grc' dir='ltr'>ἢ</span> 
     </span>
     <span class='ocr_line' id='line_1_6' title="bbox 64 795 1727 915; baseline -0.006 -31"><span class='ocrx_word' id='word_1_59' title='bbox 64 835 140 915; x_wconf 45' lang='grc' dir='ltr'>γόης,</span> <span class='ocrx_word' id='word_1_60' title='bbox 165 863 199 873; x_wconf 92' lang='lat'>-</span> <span class='ocrx_word' id='word_1_61' title='bbox 222 828 271 897; x_wconf 75' lang='grc' dir='ltr'>Ἐς</span> <span class='ocrx_word' id='word_1_62' title='bbox 295 853 324 888; x_wconf 84' lang='grc' dir='ltr'>τε</span> <span class='ocrx_word' id='word_1_63' title='bbox 347 826 395 898; x_wconf 74' lang='grc' dir='ltr'>τήν</span> <span class='ocrx_word' id='word_1_64' title='bbox 418 824 500 897; x_wconf 87' lang='grc' dir='ltr'>ἀλλην</span> <span class='ocrx_word' id='word_1_65' title='bbox 526 821 662 898; x_wconf 82' lang='grc' dir='ltr'>Σικελίαν]</span> <span class='ocrx_word' id='word_1_66' title='bbox 689 817 748 897; x_wconf 79' lang='grc' dir='ltr'>οὐχ]</span> <span class='ocrx_word' id='word_1_67' title='bbox 772 825 872 886; x_wconf 82' lang='grc' dir='ltr'>πᾶσαν,</span> <span class='ocrx_word' id='word_1_68' title='bbox 894 795 896 851; x_wconf 73' lang='grc' dir='ltr'>ί</span> <span class='ocrx_word' id='word_1_69' title='bbox 917 816 1021 895; x_wconf 79' lang='grc' dir='ltr'>δρᾶσαι.</span> <span class='ocrx_word' id='word_1_70' title='bbox 1039 840 1070 849; x_wconf 93' lang='grc'>-</span> <span class='ocrx_word' id='word_1_71' title='bbox 1092 834 1115 874; x_wconf 76' lang='lat'>2.</span> <span class='ocrx_word' id='word_1_72' title='bbox 1135 811 1326 880; x_wconf 84' lang='grc' dir='ltr'>Πιθανύιτατας</span> <span class='ocrx_word' id='word_1_73' title='bbox 1348 821 1402 880; x_wconf 89' lang='grc' dir='ltr'>τοῖς</span> <span class='ocrx_word' id='word_1_74' title='bbox 1422 814 1539 892; x_wconf 88' lang='grc' dir='ltr'>πολλοῖς]</span> <span class='ocrx_word' id='word_1_75' title='bbox 1560 814 1727 892; x_wconf 78' lang='grc' dir='ltr'>δυνάμενοςο</span> 
     </span>
     <span class='ocr_line' id='line_1_7' title="bbox 91 899 1216 992; baseline -0.012 -19"><span class='ocrx_word' id='word_1_76' title='bbox 91 922 160 983; x_wconf 68' lang='grc' dir='ltr'>ἀλλὰ</span> <span class='ocrx_word' id='word_1_77' title='bbox 171 920 219 992; x_wconf 71' lang='grc' dir='ltr'>τλν</span> <span class='ocrx_word' id='word_1_78' title='bbox 232 919 281 977; x_wconf 75' lang='grc' dir='ltr'>ὑπὸ</span> <span class='ocrx_word' id='word_1_79' title='bbox 295 915 431 987; x_wconf 80' lang='grc' dir='ltr'>Ἑλλήνων</span> <span class='ocrx_word' id='word_1_80' title='bbox 444 909 607 987; x_wconf 91' lang='grc' dir='ltr'>οἰκουμένην.</span> <span class='ocrx_word' id='word_1_81' title='bbox 623 915 733 986; x_wconf 87' lang='grc' dir='ltr'>προεῖπε</span> <span class='ocrx_word' id='word_1_82' title='bbox 745 902 797 986; x_wconf 82' lang='grc' dir='ltr'>γάρ</span> <span class='ocrx_word' id='word_1_83' title='bbox 813 903 874 983; x_wconf 81' lang='grc' dir='ltr'>περ]</span> <span class='ocrx_word' id='word_1_84' title='bbox 894 936 897 949; x_wconf 85' lang='grc'><em>·</em></span> <span class='ocrx_word' id='word_1_85' title='bbox 917 901 1015 960; x_wconf 87' lang='grc' dir='ltr'>πείθειν</span> <span class='ocrx_word' id='word_1_86' title='bbox 1026 900 1085 967; x_wconf 79' lang='grc' dir='ltr'>τοδς</span> <span class='ocrx_word' id='word_1_87' title='bbox 1096 899 1216 967; x_wconf 91' lang='grc' dir='ltr'>πολλούς.</span> 
     </span>
     <span class='ocr_line' id='line_1_8' title="bbox 91 979 1702 1088; baseline -0.014 -19"><span class='ocrx_word' id='word_1_88' title='bbox 91 1015 143 1069; x_wconf 83' lang='grc' dir='ltr'>τῶν</span> <span class='ocrx_word' id='word_1_89' title='bbox 159 1006 309 1088; x_wconf 82' lang='grc' dir='ltr'>θαρόάρων.</span> <span class='ocrx_word' id='word_1_90' title='bbox 322 1033 356 1043; x_wconf 91' lang='lat'>-</span> <span class='ocrx_word' id='word_1_91' title='bbox 368 1024 390 1061; x_wconf 79' lang='grc' dir='ltr'>α.</span> <span class='ocrx_word' id='word_1_92' title='bbox 406 1002 447 1062; x_wconf 86' lang='grc' dir='ltr'>Οὐ</span> <span class='ocrx_word' id='word_1_93' title='bbox 462 998 512 1078; x_wconf 72' lang='grc' dir='ltr'>γάρ</span> <span class='ocrx_word' id='word_1_94' title='bbox 524 998 676 1056; x_wconf 76' lang='grc' dir='ltr'>ἀνέλπιστον</span> <span class='ocrx_word' id='word_1_95' title='bbox 691 992 791 1071; x_wconf 86' lang='grc' dir='ltr'>αὐτοῖς]</span> <span class='ocrx_word' id='word_1_96' title='bbox 809 991 873 1072; x_wconf 80' lang='grc' dir='ltr'>άρο·</span> <span class='ocrx_word' id='word_1_97' title='bbox 958 991 1087 1050; x_wconf 78' lang='lat' dir='ltr'>xxxvl.</span> <span class='ocrx_word' id='word_1_98' title='bbox 1110 991 1207 1055; x_wconf 83' lang='grc' dir='ltr'>Κακῶς</span> <span class='ocrx_word' id='word_1_99' title='bbox 1226 989 1365 1068; x_wconf 78' lang='grc' dir='ltr'>φρονῆσαι]</span> <span class='ocrx_word' id='word_1_100' title='bbox 1386 987 1488 1069; x_wconf 88' lang='grc' dir='ltr'>μοιροίις</span> <span class='ocrx_word' id='word_1_101' title='bbox 1505 979 1581 1050; x_wconf 77' lang='grc' dir='ltr'>εἶναι.</span> <span class='ocrx_word' id='word_1_102' title='bbox 1600 1015 1631 1025; x_wconf 93' lang='grc'>-</span> <span class='ocrx_word' id='word_1_103' title='bbox 1671 1014 1702 1061; x_wconf 90' lang='grc' dir='ltr'>ης</span> 
     </span>
     <span class='ocr_line' id='line_1_9' title="bbox 93 1070 1703 1167; baseline -0.011 -11"><span class='ocrx_word' id='word_1_104' title='bbox 93 1097 148 1156; x_wconf 81' lang='grc' dir='ltr'>ύον.</span> <span class='ocrx_word' id='word_1_105' title='bbox 160 1070 193 1154; x_wconf 64' lang='grc' dir='ltr'>τό</span> <span class='ocrx_word' id='word_1_106' title='bbox 209 1092 289 1151; x_wconf 88' lang='grc' dir='ltr'>κακὸν</span> <span class='ocrx_word' id='word_1_107' title='bbox 303 1086 428 1163; x_wconf 90' lang='grc' dir='ltr'>δηλονότι·</span> <span class='ocrx_word' id='word_1_108' title='bbox 439 1087 601 1167; x_wconf 85' lang='grc' dir='ltr'>προςδοκῶσι</span> <span class='ocrx_word' id='word_1_109' title='bbox 614 1080 779 1162; x_wconf 75' lang='grc' dir='ltr'>γάμ-Διά</span> <span class='ocrx_word' id='word_1_110' title='bbox 793 1078 875 1160; x_wconf 84' lang='grc' dir='ltr'>ρόόου</span> <span class='ocrx_word' id='word_1_111' title='bbox 919 1075 947 1136; x_wconf 87' lang='grc' dir='ltr'>δέ</span> <span class='ocrx_word' id='word_1_112' title='bbox 968 1077 1113 1156; x_wconf 86' lang='grc' dir='ltr'>ἀξυνεσίας]</span> <span class='ocrx_word' id='word_1_113' title='bbox 1138 1074 1213 1135; x_wconf 78' lang='grc' dir='ltr'>ἕνεκα</span> <span class='ocrx_word' id='word_1_114' title='bbox 1238 1076 1364 1154; x_wconf 87' lang='grc' dir='ltr'>θαυμάζοι</span> <span class='ocrx_word' id='word_1_115' title='bbox 1391 1077 1519 1149; x_wconf 91' lang='grc' dir='ltr'>δηλονότι.</span> <span class='ocrx_word' id='word_1_116' title='bbox 1544 1113 1584 1123; x_wconf 92' lang='grc'>-</span> <span class='ocrx_word' id='word_1_117' title='bbox 1607 1100 1629 1139; x_wconf 80' lang='grc' dir='ltr'>ε.</span> <span class='ocrx_word' id='word_1_118' title='bbox 1657 1081 1703 1144; x_wconf 86' lang='grc' dir='ltr'>Ἐς</span> 
     </span>
     <span class='ocr_line' id='line_1_10' title="bbox 93 1164 1705 1262; baseline -0.01 -23"><span class='ocrx_word' id='word_1_119' title='bbox 93 1183 156 1262; x_wconf 86' lang='grc' dir='ltr'>εἰσί]</span> <span class='ocrx_word' id='word_1_120' title='bbox 183 1180 324 1262; x_wconf 80' lang='grc' dir='ltr'>ρούοθνται</span> <span class='ocrx_word' id='word_1_121' title='bbox 351 1173 529 1257; x_wconf 67' lang='grc' dir='ltr'>Καρχηδόνιοι</span> <span class='ocrx_word' id='word_1_122' title='bbox 554 1170 592 1249; x_wconf 78' lang='grc' dir='ltr'>μή</span> <span class='ocrx_word' id='word_1_123' title='bbox 617 1172 704 1236; x_wconf 85' lang='grc' dir='ltr'>αὐτοῖς</span> <span class='ocrx_word' id='word_1_124' title='bbox 732 1165 875 1227; x_wconf 76' lang='grc' dir='ltr'>ἐπέλθωσιν</span> <span class='ocrx_word' id='word_1_125' title='bbox 919 1164 1043 1237; x_wconf 84' lang='grc' dir='ltr'>ἔκπληξιν</span> <span class='ocrx_word' id='word_1_126' title='bbox 1064 1164 1229 1236; x_wconf 80' lang='grc' dir='ltr'>καθιστάναι]</span> <span class='ocrx_word' id='word_1_127' title='bbox 1249 1165 1344 1243; x_wconf 81' lang='grc' dir='ltr'>ἤγουν,</span> <span class='ocrx_word' id='word_1_128' title='bbox 1361 1168 1396 1231; x_wconf 88' lang='grc' dir='ltr'>είς</span> <span class='ocrx_word' id='word_1_129' title='bbox 1415 1165 1495 1246; x_wconf 79' lang='grc' dir='ltr'>ρόόον</span> <span class='ocrx_word' id='word_1_130' title='bbox 1512 1165 1647 1243; x_wconf 81' lang='grc' dir='ltr'>ἐμόαλεῖν.</span> <span class='ocrx_word' id='word_1_131' title='bbox 1664 1202 1705 1211; x_wconf 90' lang='grc'>-</span> 
     </span>
     <span class='ocr_line' id='line_1_11' title="bbox 54 1252 1745 1355; baseline -0.009 -27"><span class='ocrx_word' id='word_1_132' title='bbox 54 1312 81 1355; x_wconf 71' lang='lat'>¹⁰</span> <span class='ocrx_word' id='word_1_133' title='bbox 94 1272 231 1342; x_wconf 86' lang='grc' dir='ltr'>Ἀθηναῖοι.</span> <span class='ocrx_word' id='word_1_134' title='bbox 252 1302 292 1312; x_wconf 96' lang='grc'>-</span> <span class='ocrx_word' id='word_1_135' title='bbox 311 1263 394 1335; x_wconf 84' lang='grc' dir='ltr'>Τάδε]</span> <span class='ocrx_word' id='word_1_136' title='bbox 410 1262 443 1321; x_wconf 81' lang='grc' dir='ltr'>τδι</span> <span class='ocrx_word' id='word_1_137' title='bbox 462 1261 519 1321; x_wconf 91' lang='grc' dir='ltr'>καθ’</span> <span class='ocrx_word' id='word_1_138' title='bbox 534 1265 614 1337; x_wconf 75' lang='grc' dir='ltr'>ἡμᾶς.</span> <span class='ocrx_word' id='word_1_139' title='bbox 628 1293 669 1303; x_wconf 92' lang='lat'><em>-</em></span> <span class='ocrx_word' id='word_1_140' title='bbox 683 1257 728 1316; x_wconf 81' lang='grc' dir='ltr'>Ἐν</span> <span class='ocrx_word' id='word_1_141' title='bbox 748 1254 833 1335; x_wconf 84' lang='grc' dir='ltr'>πόνῳ]</span> <span class='ocrx_word' id='word_1_142' title='bbox 850 1257 877 1312; x_wconf 82' lang='grc' dir='ltr'>ἐν</span> <span class='ocrx_word' id='word_1_143' title='bbox 920 1252 1456 1332; x_wconf 69' lang='grc' dir='ltr'>Ἐπηλυγάζωνται1τὸάπιλυγάζωνται,</span> <span class='ocrx_word' id='word_1_144' title='bbox 1483 1254 1702 1335; x_wconf 85' lang='grc' dir='ltr'>έπικρύπτωνται.</span> <span class='ocrx_word' id='word_1_145' title='bbox 1722 1287 1745 1324; x_wconf 79' lang='lat'>10</span> 
     </span>
     <span class='ocr_line' id='line_1_12' title="bbox 94 1340 1705 1436; baseline -0.011 -19"><span class='ocrx_word' id='word_1_146' title='bbox 94 1353 269 1436; x_wconf 86' lang='grc' dir='ltr'>ταλαιπωρία.</span> <span class='ocrx_word' id='word_1_147' title='bbox 283 1385 324 1399; x_wconf 90' lang='grc'>-</span> <span class='ocrx_word' id='word_1_148' title='bbox 335 1348 445 1431; x_wconf 82' lang='grc' dir='ltr'>Κρύρα]</span> <span class='ocrx_word' id='word_1_149' title='bbox 457 1348 542 1430; x_wconf 78' lang='grc' dir='ltr'>κρύρα</span> <span class='ocrx_word' id='word_1_150' title='bbox 558 1346 606 1425; x_wconf 81' lang='grc' dir='ltr'>μέν</span> <span class='ocrx_word' id='word_1_151' title='bbox 618 1345 745 1426; x_wconf 84' lang='grc' dir='ltr'>χρήματα</span> <span class='ocrx_word' id='word_1_152' title='bbox 755 1344 818 1419; x_wconf 92' lang='grc' dir='ltr'>ἡμῖν</span> <span class='ocrx_word' id='word_1_153' title='bbox 828 1342 878 1400; x_wconf 87' lang='grc' dir='ltr'>λά·</span> <span class='ocrx_word' id='word_1_154' title='bbox 920 1342 1004 1415; x_wconf 79' lang='grc' dir='ltr'>ὅπως,</span> <span class='ocrx_word' id='word_1_155' title='bbox 1017 1341 1095 1424; x_wconf 77' lang='grc' dir='ltr'>φησί,</span> <span class='ocrx_word' id='word_1_156' title='bbox 1110 1346 1183 1422; x_wconf 83' lang='grc' dir='ltr'>κοινῇ</span> <span class='ocrx_word' id='word_1_157' title='bbox 1197 1341 1359 1423; x_wconf 74' lang='grc' dir='ltr'>ροόήσαντες</span> <span class='ocrx_word' id='word_1_158' title='bbox 1374 1340 1506 1415; x_wconf 72' lang='grc' dir='ltr'>ἅπαντας,</span> <span class='ocrx_word' id='word_1_159' title='bbox 1520 1342 1565 1400; x_wconf 80' lang='grc' dir='ltr'>τὸν</span> <span class='ocrx_word' id='word_1_160' title='bbox 1579 1341 1643 1402; x_wconf 87' lang='grc' dir='ltr'>ίδιον</span> <span class='ocrx_word' id='word_1_161' title='bbox 1658 1343 1705 1426; x_wconf 82' lang='grc' dir='ltr'>ρό·</span> 
     </span>
     <span class='ocr_line' id='line_1_13' title="bbox 95 1416 1706 1526; baseline -0.005 -27"><span class='ocrx_word' id='word_1_162' title='bbox 95 1451 145 1526; x_wconf 81' lang='grc' dir='ltr'>θρα</span> <span class='ocrx_word' id='word_1_163' title='bbox 157 1449 209 1504; x_wconf 84' lang='grc' dir='ltr'>τῶν</span> <span class='ocrx_word' id='word_1_164' title='bbox 229 1416 369 1514; x_wconf 79' lang='grc' dir='ltr'>Ἀθηναίων</span> <span class='ocrx_word' id='word_1_165' title='bbox 383 1438 543 1518; x_wconf 81' lang='grc' dir='ltr'>πέμψαντες.</span> <span class='ocrx_word' id='word_1_166' title='bbox 557 1439 584 1495; x_wconf 85' lang='grc' dir='ltr'>έν</span> <span class='ocrx_word' id='word_1_167' title='bbox 603 1435 631 1494; x_wconf 83' lang='grc' dir='ltr'>δέ</span> <span class='ocrx_word' id='word_1_168' title='bbox 649 1439 686 1514; x_wconf 85' lang='grc' dir='ltr'>τῷ</span> <span class='ocrx_word' id='word_1_169' title='bbox 699 1432 717 1505; x_wconf 78' lang='grc' dir='ltr'>ἡ</span> <span class='ocrx_word' id='word_1_170' title='bbox 732 1431 759 1501; x_wconf 81' lang='grc' dir='ltr'>έξ</span> <span class='ocrx_word' id='word_1_171' title='bbox 773 1429 828 1497; x_wconf 81' lang='grc' dir='ltr'>ίνός</span> <span class='ocrx_word' id='word_1_172' title='bbox 848 1452 877 1508; x_wconf 91' lang='grc' dir='ltr'>γε</span> <span class='ocrx_word' id='word_1_173' title='bbox 922 1430 968 1490; x_wconf 81' lang='grc' dir='ltr'>θον</span> <span class='ocrx_word' id='word_1_174' title='bbox 990 1430 1200 1511; x_wconf 77' lang='grc' dir='ltr'>ἀποκρύψωνται.</span> <span class='ocrx_word' id='word_1_175' title='bbox 1222 1464 1262 1474; x_wconf 95' lang='lat'>-</span> <span class='ocrx_word' id='word_1_176' title='bbox 1282 1429 1345 1489; x_wconf 84' lang='grc' dir='ltr'>Ἀπδ</span> <span class='ocrx_word' id='word_1_177' title='bbox 1366 1430 1543 1508; x_wconf 84' lang='grc' dir='ltr'>ταύτομάτου]</span> <span class='ocrx_word' id='word_1_178' title='bbox 1564 1430 1589 1500; x_wconf 84' lang='grc' dir='ltr'>ἐξ</span> <span class='ocrx_word' id='word_1_179' title='bbox 1610 1433 1706 1511; x_wconf 78' lang='grc' dir='ltr'>ἀλόγου</span> 
     </span>
     <span class='ocr_line' id='line_1_14' title="bbox 94 1516 1706 1614; baseline -0.007 -24"><span class='ocrx_word' id='word_1_180' title='bbox 94 1531 191 1614; x_wconf 82' lang='grc' dir='ltr'>τρόπου</span> <span class='ocrx_word' id='word_1_181' title='bbox 205 1528 325 1610; x_wconf 82' lang='grc' dir='ltr'>περιττὸς</span> <span class='ocrx_word' id='word_1_182' title='bbox 335 1525 378 1597; x_wconf 81' lang='grc' dir='ltr'>δή</span> <span class='ocrx_word' id='word_1_183' title='bbox 393 1523 543 1602; x_wconf 91' lang='grc' dir='ltr'>σύνδεσμος·</span> <span class='ocrx_word' id='word_1_184' title='bbox 560 1521 634 1604; x_wconf 72' lang='grc' dir='ltr'>παρὰ</span> <span class='ocrx_word' id='word_1_185' title='bbox 651 1520 702 1604; x_wconf 76' lang='grc' dir='ltr'>γὰρ</span> <span class='ocrx_word' id='word_1_186' title='bbox 716 1520 746 1578; x_wconf 82' lang='grc' dir='ltr'>τὸ</span> <span class='ocrx_word' id='word_1_187' title='bbox 760 1518 777 1591; x_wconf 80' lang='grc' dir='ltr'>ἢ</span> <span class='ocrx_word' id='word_1_188' title='bbox 792 1517 878 1600; x_wconf 82' lang='grc' dir='ltr'>κρύρα</span> <span class='ocrx_word' id='word_1_189' title='bbox 922 1517 1126 1596; x_wconf 86' lang='grc' dir='ltr'>συμπτώματος.</span> <span class='ocrx_word' id='word_1_190' title='bbox 1138 1553 1178 1563; x_wconf 92' lang='grc'>-</span> <span class='ocrx_word' id='word_1_191' title='bbox 1192 1516 1360 1597; x_wconf 90' lang='grc' dir='ltr'>Ξύγκεινται]</span> <span class='ocrx_word' id='word_1_192' title='bbox 1375 1518 1428 1576; x_wconf 86' lang='grc' dir='ltr'>ἀπὸ</span> <span class='ocrx_word' id='word_1_193' title='bbox 1439 1524 1525 1577; x_wconf 80' lang='grc' dir='ltr'>κοινοῦ</span> <span class='ocrx_word' id='word_1_194' title='bbox 1537 1518 1568 1577; x_wconf 86' lang='grc' dir='ltr'>τδ</span> <span class='ocrx_word' id='word_1_195' title='bbox 1578 1521 1706 1599; x_wconf 84' lang='grc' dir='ltr'>ἀγγελίαι.</span> 
     </span>
     <span class='ocr_line' id='line_1_15' title="bbox 95 1598 1707 1701; baseline -0.004 -26"><span class='ocrx_word' id='word_1_196' title='bbox 95 1619 243 1701; x_wconf 77' lang='grc' dir='ltr'>ήρανερῶς</span> <span class='ocrx_word' id='word_1_197' title='bbox 263 1619 361 1693; x_wconf 77' lang='grc' dir='ltr'>ἀμῦναι</span> <span class='ocrx_word' id='word_1_198' title='bbox 374 1612 460 1694; x_wconf 87' lang='grc' dir='ltr'>τρίτον</span> <span class='ocrx_word' id='word_1_199' title='bbox 477 1610 549 1670; x_wconf 86' lang='grc' dir='ltr'>ούδέν</span> <span class='ocrx_word' id='word_1_200' title='bbox 569 1613 648 1669; x_wconf 73' lang='grc' dir='ltr'>ἐστιν.</span> <span class='ocrx_word' id='word_1_201' title='bbox 664 1644 704 1654; x_wconf 94' lang='grc'>-</span> <span class='ocrx_word' id='word_1_202' title='bbox 714 1607 797 1667; x_wconf 83' lang='grc' dir='ltr'>Ὅθεν</span> <span class='ocrx_word' id='word_1_203' title='bbox 816 1604 833 1665; x_wconf 82' lang='grc' dir='ltr'>ό</span> <span class='ocrx_word' id='word_1_204' title='bbox 850 1627 878 1662; x_wconf 88' lang='grc' dir='ltr'>τε</span> <span class='ocrx_word' id='word_1_205' title='bbox 922 1643 962 1653; x_wconf 92' lang='grc'>-</span> <span class='ocrx_word' id='word_1_206' title='bbox 974 1627 996 1669; x_wconf 80' lang='grc' dir='ltr'>ο.</span> <span class='ocrx_word' id='word_1_207' title='bbox 1011 1607 1080 1666; x_wconf 76' lang='grc' dir='ltr'>Ἀλλ’</span> <span class='ocrx_word' id='word_1_208' title='bbox 1094 1606 1120 1675; x_wconf 83' lang='grc' dir='ltr'>έξ</span> <span class='ocrx_word' id='word_1_209' title='bbox 1135 1598 1172 1666; x_wconf 74' lang='grc' dir='ltr'>ὧν</span> <span class='ocrx_word' id='word_1_210' title='bbox 1184 1606 1216 1664; x_wconf 82' lang='grc' dir='ltr'>ἀν</span> <span class='ocrx_word' id='word_1_211' title='bbox 1229 1606 1370 1686; x_wconf 77' lang='grc' dir='ltr'>ἄνθρωποι]</span> <span class='ocrx_word' id='word_1_212' title='bbox 1387 1606 1417 1665; x_wconf 78' lang='grc' dir='ltr'>τό</span> <span class='ocrx_word' id='word_1_213' title='bbox 1430 1606 1501 1678; x_wconf 80' lang='grc' dir='ltr'>έξῆς,</span> <span class='ocrx_word' id='word_1_214' title='bbox 1517 1608 1575 1667; x_wconf 83' lang='grc' dir='ltr'>ἀλλ’</span> <span class='ocrx_word' id='word_1_215' title='bbox 1589 1607 1616 1677; x_wconf 82' lang='grc' dir='ltr'>ίξ</span> <span class='ocrx_word' id='word_1_216' title='bbox 1628 1598 1664 1667; x_wconf 73' lang='grc' dir='ltr'>ὧν</span> <span class='ocrx_word' id='word_1_217' title='bbox 1675 1608 1707 1669; x_wconf 88' lang='grc' dir='ltr'>ἀν</span> 
     </span>
     <span class='ocr_line' id='line_1_16' title="bbox 96 1692 1748 1784; baseline -0.004 -21"><span class='ocrx_word' id='word_1_218' title='bbox 96 1707 251 1784; x_wconf 84' lang='grc' dir='ltr'>πολεμος...]</span> <span class='ocrx_word' id='word_1_219' title='bbox 265 1704 310 1763; x_wconf 82' lang='grc' dir='ltr'>καί</span> <span class='ocrx_word' id='word_1_220' title='bbox 328 1705 354 1761; x_wconf 83' lang='grc' dir='ltr'>έν</span> <span class='ocrx_word' id='word_1_221' title='bbox 368 1699 478 1782; x_wconf 82' lang='grc' dir='ltr'>πολέμῳ</span> <span class='ocrx_word' id='word_1_222' title='bbox 491 1698 602 1776; x_wconf 90' lang='grc' dir='ltr'>δύναμιν</span> <span class='ocrx_word' id='word_1_223' title='bbox 618 1697 674 1777; x_wconf 82' lang='grc' dir='ltr'>ἔχει</span> <span class='ocrx_word' id='word_1_224' title='bbox 691 1695 818 1776; x_wconf 85' lang='grc' dir='ltr'>μεγίστην</span> <span class='ocrx_word' id='word_1_225' title='bbox 834 1692 880 1751; x_wconf 82' lang='grc' dir='ltr'>καί</span> <span class='ocrx_word' id='word_1_226' title='bbox 924 1695 1046 1778; x_wconf 87' lang='grc' dir='ltr'>δράσειαν</span> <span class='ocrx_word' id='word_1_227' title='bbox 1061 1695 1193 1777; x_wconf 86' lang='grc' dir='ltr'>ἀνθροιποι</span> <span class='ocrx_word' id='word_1_228' title='bbox 1203 1694 1290 1755; x_wconf 84' lang='grc' dir='ltr'>δεινοί.</span> <span class='ocrx_word' id='word_1_229' title='bbox 1301 1730 1342 1739; x_wconf 92' lang='grc'>-</span> <span class='ocrx_word' id='word_1_230' title='bbox 1353 1694 1450 1774; x_wconf 87' lang='grc' dir='ltr'>Δεινοί]</span> <span class='ocrx_word' id='word_1_231' title='bbox 1463 1695 1521 1753; x_wconf 85' lang='grc' dir='ltr'>ἀντὶ</span> <span class='ocrx_word' id='word_1_232' title='bbox 1532 1701 1577 1755; x_wconf 81' lang='grc' dir='ltr'>τοῦ</span> <span class='ocrx_word' id='word_1_233' title='bbox 1589 1698 1707 1775; x_wconf 83' lang='grc' dir='ltr'>συνετοὶ,</span> <span class='ocrx_word' id='word_1_234' title='bbox 1725 1723 1748 1761; x_wconf 83' lang='grc' dir='ltr'>ιι</span> 
     </span>
     <span class='ocr_line' id='line_1_17' title="bbox 55 1760 1707 1870; baseline -0.006 -16"><span class='ocrx_word' id='word_1_235' title='bbox 55 1760 83 1800; x_wconf 57' lang='grc' dir='ltr'><strong>η</strong></span> <span class='ocrx_word' id='word_1_236' title='bbox 97 1798 124 1854; x_wconf 80' lang='grc' dir='ltr'>ἰν</span> <span class='ocrx_word' id='word_1_237' title='bbox 138 1804 204 1853; x_wconf 73' lang='grc' dir='ltr'>πᾶσι</span> <span class='ocrx_word' id='word_1_238' title='bbox 222 1802 275 1860; x_wconf 88' lang='grc' dir='ltr'>τοῖς</span> <span class='ocrx_word' id='word_1_239' title='bbox 288 1792 377 1859; x_wconf 88' lang='grc' dir='ltr'>ἀλλοις</span> <span class='ocrx_word' id='word_1_240' title='bbox 396 1789 537 1870; x_wconf 87' lang='grc' dir='ltr'>πράγμασι</span> <span class='ocrx_word' id='word_1_241' title='bbox 555 1785 589 1845; x_wconf 84' lang='grc' dir='ltr'>τά</span> <span class='ocrx_word' id='word_1_242' title='bbox 605 1783 744 1865; x_wconf 88' lang='grc' dir='ltr'>χρήματα.</span> <span class='ocrx_word' id='word_1_243' title='bbox 764 1817 803 1828; x_wconf 95' lang='grc'><strong>-</strong></span> <span class='ocrx_word' id='word_1_244' title='bbox 825 1781 880 1841; x_wconf 80' lang='grc' dir='ltr'>Καὶ</span> <span class='ocrx_word' id='word_1_245' title='bbox 924 1783 1051 1866; x_wconf 86' lang='grc' dir='ltr'>ρρόνιμοι.</span> <span class='ocrx_word' id='word_1_246' title='bbox 1066 1819 1106 1829; x_wconf 95' lang='grc'>-</span> <span class='ocrx_word' id='word_1_247' title='bbox 1119 1782 1204 1855; x_wconf 76' lang='grc' dir='ltr'>Ἀξιιῖι]</span> <span class='ocrx_word' id='word_1_248' title='bbox 1217 1781 1304 1850; x_wconf 86' lang='grc' dir='ltr'>ἀξίους</span> <span class='ocrx_word' id='word_1_249' title='bbox 1315 1787 1431 1861; x_wconf 80' lang='grc' dir='ltr'>ἡγοῦμαι</span> <span class='ocrx_word' id='word_1_250' title='bbox 1442 1773 1517 1843; x_wconf 62' lang='grc' dir='ltr'>ε’ίναι.</span> <span class='ocrx_word' id='word_1_251' title='bbox 1532 1804 1606 1846; x_wconf 78' lang='grc' dir='ltr'>-ε,</span> <span class='ocrx_word' id='word_1_252' title='bbox 1620 1788 1707 1848; x_wconf 77' lang='grc' dir='ltr'>Κατα·</span> 
     </span>
     <span class='ocr_line' id='line_1_18' title="bbox 98 1869 1447 1961; baseline -0.008 -19"><span class='ocrx_word' id='word_1_253' title='bbox 98 1883 196 1961; x_wconf 88' lang='grc' dir='ltr'>τάλλα]</span> <span class='ocrx_word' id='word_1_254' title='bbox 209 1880 243 1940; x_wconf 84' lang='grc' dir='ltr'>τά</span> <span class='ocrx_word' id='word_1_255' title='bbox 254 1879 322 1941; x_wconf 77' lang='grc' dir='ltr'>κατά</span> <span class='ocrx_word' id='word_1_256' title='bbox 333 1878 393 1947; x_wconf 84' lang='grc' dir='ltr'>τοίις</span> <span class='ocrx_word' id='word_1_257' title='bbox 407 1877 565 1959; x_wconf 81' lang='grc' dir='ltr'>ἀνθρώπους.</span> <span class='ocrx_word' id='word_1_258' title='bbox 579 1901 609 1910; x_wconf 89' lang='grc'>-</span> <span class='ocrx_word' id='word_1_259' title='bbox 626 1894 650 1934; x_wconf 75' lang='grc' dir='ltr'>ι.</span> <span class='ocrx_word' id='word_1_260' title='bbox 665 1870 717 1932; x_wconf 83' lang='grc' dir='ltr'>Διά</span> <span class='ocrx_word' id='word_1_261' title='bbox 732 1870 763 1930; x_wconf 83' lang='grc' dir='ltr'>τδ</span> <span class='ocrx_word' id='word_1_262' title='bbox 777 1869 881 1942; x_wconf 77' lang='grc' dir='ltr'>ξύνηθες</span> <span class='ocrx_word' id='word_1_263' title='bbox 923 1871 1088 1949; x_wconf 84' lang='grc' dir='ltr'>λελυμένους]</span> <span class='ocrx_word' id='word_1_264' title='bbox 1102 1871 1159 1930; x_wconf 86' lang='grc' dir='ltr'>ἀντί</span> <span class='ocrx_word' id='word_1_265' title='bbox 1168 1877 1213 1930; x_wconf 84' lang='grc' dir='ltr'>τοῦ</span> <span class='ocrx_word' id='word_1_266' title='bbox 1227 1871 1447 1938; x_wconf 88' lang='grc' dir='ltr'>καταλελυκότας.</span> 
     </span>
     <span class='ocr_line' id='line_1_19' title="bbox 98 1955 1708 2051; baseline -0.003 -24"><span class='ocrx_word' id='word_1_267' title='bbox 98 1971 212 2051; x_wconf 77' lang='grc' dir='ltr'>ἥσυχον]</span> <span class='ocrx_word' id='word_1_268' title='bbox 232 1968 276 2027; x_wconf 81' lang='grc' dir='ltr'>διά</span> <span class='ocrx_word' id='word_1_269' title='bbox 291 1968 320 2027; x_wconf 85' lang='grc' dir='ltr'>τδ</span> <span class='ocrx_word' id='word_1_270' title='bbox 342 1967 450 2039; x_wconf 89' lang='grc' dir='ltr'>σύνηθες</span> <span class='ocrx_word' id='word_1_271' title='bbox 474 1967 538 2043; x_wconf 83' lang='grc' dir='ltr'>ἡμῖν</span> <span class='ocrx_word' id='word_1_272' title='bbox 558 1955 624 2022; x_wconf 82' lang='grc' dir='ltr'>εῖναι</span> <span class='ocrx_word' id='word_1_273' title='bbox 638 1960 668 2020; x_wconf 81' lang='grc' dir='ltr'>τὸ</span> <span class='ocrx_word' id='word_1_274' title='bbox 686 1959 836 2040; x_wconf 90' lang='grc' dir='ltr'>ἡσυχάζειν.</span> <span class='ocrx_word' id='word_1_275' title='bbox 850 1983 881 1993; x_wconf 84' lang='grc'><strong>-</strong></span> <span class='ocrx_word' id='word_1_276' title='bbox 965 1964 1112 2022; x_wconf 79' lang='lat' dir='ltr'>xxxvll.</span> <span class='ocrx_word' id='word_1_277' title='bbox 1135 1961 1350 2037; x_wconf 75' lang='grc' dir='ltr'>Δίαπολεμῆσαι]</span> <span class='ocrx_word' id='word_1_278' title='bbox 1366 1959 1505 2036; x_wconf 84' lang='grc' dir='ltr'>διενεγκεῖν</span> <span class='ocrx_word' id='word_1_279' title='bbox 1524 1959 1567 2018; x_wconf 88' lang='grc' dir='ltr'>τὸν</span> <span class='ocrx_word' id='word_1_280' title='bbox 1582 1960 1708 2038; x_wconf 88' lang='grc' dir='ltr'>πόλεμον.</span> 
     </span>
     <span class='ocr_line' id='line_1_20' title="bbox 100 2045 1708 2135; baseline -0.007 -18"><span class='ocrx_word' id='word_1_281' title='bbox 100 2057 154 2118; x_wconf 86' lang='grc' dir='ltr'>Καί</span> <span class='ocrx_word' id='word_1_282' title='bbox 170 2061 195 2124; x_wconf 78' lang='grc' dir='ltr'>ἐς</span> <span class='ocrx_word' id='word_1_283' title='bbox 211 2055 335 2135; x_wconf 83' lang='grc' dir='ltr'>λογισμὸν</span> <span class='ocrx_word' id='word_1_284' title='bbox 354 2052 580 2128; x_wconf 81' lang='grc' dir='ltr'>καταστήσαιμεν]</span> <span class='ocrx_word' id='word_1_285' title='bbox 593 2047 640 2108; x_wconf 84' lang='grc' dir='ltr'>καῖ</span> <span class='ocrx_word' id='word_1_286' title='bbox 657 2046 816 2125; x_wconf 77' lang='grc' dir='ltr'>ποιήσαιμεν</span> <span class='ocrx_word' id='word_1_287' title='bbox 831 2046 881 2103; x_wconf 86' lang='grc' dir='ltr'>αὖ·</span> <span class='ocrx_word' id='word_1_288' title='bbox 925 2054 941 2128; x_wconf 87' lang='lat'>§</span> <span class='ocrx_word' id='word_1_289' title='bbox 961 2047 1079 2120; x_wconf 87' lang='grc' dir='ltr'>δηλονότι</span> <span class='ocrx_word' id='word_1_290' title='bbox 1100 2047 1280 2129; x_wconf 82' lang='grc' dir='ltr'>περιγενέσθαι</span> <span class='ocrx_word' id='word_1_291' title='bbox 1301 2047 1343 2106; x_wconf 79' lang='grc' dir='ltr'>διὰ</span> <span class='ocrx_word' id='word_1_292' title='bbox 1367 2047 1494 2124; x_wconf 88' lang='grc' dir='ltr'>πόλεμου.</span> <span class='ocrx_word' id='word_1_293' title='bbox 1518 2082 1559 2093; x_wconf 93' lang='lat'><em>-</em></span> <span class='ocrx_word' id='word_1_294' title='bbox 1577 2045 1708 2125; x_wconf 84' lang='grc' dir='ltr'>Ἄμεινον]</span> 
     </span>
     <span class='ocr_line' id='line_1_21' title="bbox 98 2133 1750 2224; baseline -0.006 -20"><span class='ocrx_word' id='word_1_295' title='bbox 98 2143 158 2212; x_wconf 79' lang='grc' dir='ltr'>τούς</span> <span class='ocrx_word' id='word_1_296' title='bbox 177 2147 203 2203; x_wconf 85' lang='grc' dir='ltr'>έν</span> <span class='ocrx_word' id='word_1_297' title='bbox 223 2141 336 2224; x_wconf 86' lang='grc' dir='ltr'>ρροντίδι</span> <span class='ocrx_word' id='word_1_298' title='bbox 350 2141 396 2200; x_wconf 84' lang='grc' dir='ltr'>καί</span> <span class='ocrx_word' id='word_1_299' title='bbox 410 2142 574 2220; x_wconf 79' lang='grc' dir='ltr'>διαλογισμῷ</span> <span class='ocrx_word' id='word_1_300' title='bbox 591 2135 720 2216; x_wconf 90' lang='grc' dir='ltr'>γενέσθαι.</span> <span class='ocrx_word' id='word_1_301' title='bbox 741 2161 772 2172; x_wconf 90' lang='grc'>·-</span> <span class='ocrx_word' id='word_1_302' title='bbox 786 2133 882 2215; x_wconf 81' lang='grc' dir='ltr'>Χώρας</span> <span class='ocrx_word' id='word_1_303' title='bbox 925 2143 972 2209; x_wconf 75' lang='grc' dir='ltr'>τῆς</span> <span class='ocrx_word' id='word_1_304' title='bbox 986 2136 1188 2207; x_wconf 79' lang='grc' dir='ltr'>Πελοποννήσου</span> <span class='ocrx_word' id='word_1_305' title='bbox 1205 2135 1334 2209; x_wconf 89' lang='grc' dir='ltr'>δηλονότι.</span> <span class='ocrx_word' id='word_1_306' title='bbox 1352 2171 1392 2181; x_wconf 90' lang='grc'><strong>-</strong></span> <span class='ocrx_word' id='word_1_307' title='bbox 1407 2135 1531 2207; x_wconf 82' lang='grc' dir='ltr'>Αύτόθεν]</span> <span class='ocrx_word' id='word_1_308' title='bbox 1547 2139 1577 2194; x_wconf 86' lang='grc' dir='ltr'>έκ</span> <span class='ocrx_word' id='word_1_309' title='bbox 1595 2140 1642 2208; x_wconf 78' lang='grc' dir='ltr'>τῆς</span> <span class='ocrx_word' id='word_1_310' title='bbox 1658 2140 1709 2198; x_wconf 87' lang='grc' dir='ltr'>Σι-</span> <span class='ocrx_word' id='word_1_311' title='bbox 1723 2160 1750 2200; x_wconf 81' lang='grc' dir='ltr'>ιο</span> 
     </span>
     <span class='ocr_line' id='line_1_22' title="bbox 99 2220 1711 2315; baseline -0.006 -24"><span class='ocrx_word' id='word_1_312' title='bbox 99 2233 223 2315; x_wconf 87' lang='grc' dir='ltr'>ρύλακες]</span> <span class='ocrx_word' id='word_1_313' title='bbox 242 2231 327 2291; x_wconf 85' lang='grc' dir='ltr'>λείπει</span> <span class='ocrx_word' id='word_1_314' title='bbox 347 2234 393 2301; x_wconf 81' lang='grc' dir='ltr'>τῆς</span> <span class='ocrx_word' id='word_1_315' title='bbox 414 2227 545 2294; x_wconf 86' lang='grc' dir='ltr'>Σικελίας.</span> <span class='ocrx_word' id='word_1_316' title='bbox 567 2250 598 2262; x_wconf 89' lang='grc'>-·</span> <span class='ocrx_word' id='word_1_317' title='bbox 620 2224 777 2290; x_wconf 84' lang='grc' dir='ltr'>Εύεπίθετος</span> <span class='ocrx_word' id='word_1_318' title='bbox 795 2222 880 2300; x_wconf 77' lang='grc' dir='ltr'>εἴη...]</span> <span class='ocrx_word' id='word_1_319' title='bbox 926 2225 1023 2291; x_wconf 91' lang='grc' dir='ltr'>κελίας.</span> <span class='ocrx_word' id='word_1_320' title='bbox 1041 2258 1081 2268; x_wconf 93' lang='grc'>-</span> <span class='ocrx_word' id='word_1_321' title='bbox 1094 2244 1116 2282; x_wconf 79' lang='lat'>2.</span> <span class='ocrx_word' id='word_1_322' title='bbox 1132 2220 1229 2297; x_wconf 81' lang='grc' dir='ltr'>Ὧςτε,</span> <span class='ocrx_word' id='word_1_323' title='bbox 1246 2222 1320 2305; x_wconf 80' lang='grc' dir='ltr'>παρά</span> <span class='ocrx_word' id='word_1_324' title='bbox 1339 2229 1461 2284; x_wconf 78' lang='grc' dir='ltr'>τοσοῦτον</span> <span class='ocrx_word' id='word_1_325' title='bbox 1479 2222 1661 2303; x_wconf 84' lang='grc' dir='ltr'>γιγνώσκω...]</span> <span class='ocrx_word' id='word_1_326' title='bbox 1681 2222 1711 2282; x_wconf 78' lang='grc' dir='ltr'>τὸ</span> 
     </span>
     <span class='ocr_line' id='line_1_23' title="bbox 100 2309 1711 2400; baseline -0.006 -20"><span class='ocrx_word' id='word_1_327' title='bbox 100 2319 294 2400; x_wconf 78' lang='grc' dir='ltr'>εὐεπιχείρητος</span> <span class='ocrx_word' id='word_1_328' title='bbox 305 2323 368 2396; x_wconf 89' lang='grc' dir='ltr'>ἡμῖν</span> <span class='ocrx_word' id='word_1_329' title='bbox 380 2316 455 2376; x_wconf 83' lang='grc' dir='ltr'>έσται</span> <span class='ocrx_word' id='word_1_330' title='bbox 466 2321 483 2388; x_wconf 94' lang='grc' dir='ltr'>ἡ</span> <span class='ocrx_word' id='word_1_331' title='bbox 496 2313 605 2392; x_wconf 88' lang='grc' dir='ltr'>δύναμις</span> <span class='ocrx_word' id='word_1_332' title='bbox 617 2316 712 2385; x_wconf 77' lang='grc' dir='ltr'>αὐτῶν,</span> <span class='ocrx_word' id='word_1_333' title='bbox 727 2313 843 2394; x_wconf 85' lang='grc' dir='ltr'>βραδέως</span> <span class='ocrx_word' id='word_1_334' title='bbox 853 2335 882 2370; x_wconf 92' lang='grc' dir='ltr'>τε</span> <span class='ocrx_word' id='word_1_335' title='bbox 927 2313 974 2393; x_wconf 79' lang='grc' dir='ltr'>μέν</span> <span class='ocrx_word' id='word_1_336' title='bbox 990 2341 1001 2366; x_wconf 82' lang='grc' dir='ltr'>ι</span> <span class='ocrx_word' id='word_1_337' title='bbox 1016 2311 1089 2392; x_wconf 77' lang='grc' dir='ltr'>παρὰ</span> <span class='ocrx_word' id='word_1_338' title='bbox 1102 2317 1224 2371; x_wconf 78' lang='grc' dir='ltr'>τοσοῦτον</span> <span class='ocrx_word' id='word_1_339' title='bbox 1238 2309 1375 2390; x_wconf 86' lang='grc' dir='ltr'>γιγνώσκω</span> <span class='ocrx_word' id='word_1_340' title='bbox 1395 2340 1406 2363; x_wconf 75' lang='grc' dir='ltr'>ι</span> <span class='ocrx_word' id='word_1_341' title='bbox 1423 2310 1496 2392; x_wconf 79' lang='grc' dir='ltr'>παρὰ</span> <span class='ocrx_word' id='word_1_342' title='bbox 1509 2317 1632 2372; x_wconf 83' lang='grc' dir='ltr'>τοσοῖιτον</span> <span class='ocrx_word' id='word_1_343' title='bbox 1651 2313 1711 2370; x_wconf 90' lang='grc' dir='ltr'>δια-</span> 
     </span>
     <span class='ocr_line' id='line_1_24' title="bbox 101 2397 1710 2485; baseline -0.006 -19"><span class='ocrx_word' id='word_1_344' title='bbox 101 2408 219 2468; x_wconf 82' lang='grc' dir='ltr'>πλέουσα</span> <span class='ocrx_word' id='word_1_345' title='bbox 229 2406 272 2466; x_wconf 85' lang='grc' dir='ltr'>διθι</span> <span class='ocrx_word' id='word_1_346' title='bbox 282 2407 326 2465; x_wconf 81' lang='grc' dir='ltr'>τὸν</span> <span class='ocrx_word' id='word_1_347' title='bbox 338 2409 365 2464; x_wconf 82' lang='grc' dir='ltr'>ἐν</span> <span class='ocrx_word' id='word_1_348' title='bbox 374 2408 413 2485; x_wconf 83' lang='grc' dir='ltr'>τῷ</span> <span class='ocrx_word' id='word_1_349' title='bbox 423 2402 534 2480; x_wconf 87' lang='grc' dir='ltr'>πελάγει</span> <span class='ocrx_word' id='word_1_350' title='bbox 545 2401 728 2481; x_wconf 88' lang='grc' dir='ltr'>κάματον,καί</span> <span class='ocrx_word' id='word_1_351' title='bbox 736 2404 783 2459; x_wconf 83' lang='grc' dir='ltr'>οὐκ</span> <span class='ocrx_word' id='word_1_352' title='bbox 791 2399 881 2480; x_wconf 84' lang='grc' dir='ltr'>ἀθρόα.</span> <span class='ocrx_word' id='word_1_353' title='bbox 926 2402 1039 2484; x_wconf 85' lang='grc' dir='ltr'>ρέρομαι</span> <span class='ocrx_word' id='word_1_354' title='bbox 1057 2409 1110 2467; x_wconf 91' lang='grc' dir='ltr'>τοῖς</span> <span class='ocrx_word' id='word_1_355' title='bbox 1127 2398 1159 2458; x_wconf 86' lang='grc' dir='ltr'>τδι</span> <span class='ocrx_word' id='word_1_356' title='bbox 1177 2399 1253 2480; x_wconf 85' lang='grc' dir='ltr'>έτερα</span> <span class='ocrx_word' id='word_1_357' title='bbox 1272 2399 1462 2478; x_wconf 89' lang='grc' dir='ltr'>διαγγέλλουσι·</span> <span class='ocrx_word' id='word_1_358' title='bbox 1485 2398 1515 2457; x_wconf 87' lang='grc' dir='ltr'>τδ</span> <span class='ocrx_word' id='word_1_359' title='bbox 1534 2398 1561 2459; x_wconf 81' lang='grc' dir='ltr'>δὲ</span> <span class='ocrx_word' id='word_1_360' title='bbox 1583 2428 1594 2452; x_wconf 82' lang='grc' dir='ltr'>ι</span> <span class='ocrx_word' id='word_1_361' title='bbox 1614 2397 1677 2467; x_wconf 81' lang='grc' dir='ltr'>ώςτε</span> <span class='ocrx_word' id='word_1_362' title='bbox 1698 2427 1710 2450; x_wconf 76' lang='grc' dir='ltr'>υ</span> 
     </span>
     <span class='ocr_line' id='line_1_25' title="bbox 100 2479 1710 2573; baseline -0.006 -18"><span class='ocrx_word' id='word_1_363' title='bbox 100 2526 130 2538; x_wconf 90' lang='grc'><strong>-</strong></span> <span class='ocrx_word' id='word_1_364' title='bbox 144 2496 311 2572; x_wconf 83' lang='grc' dir='ltr'>Εύεπῖθετος]</span> <span class='ocrx_word' id='word_1_365' title='bbox 324 2498 341 2565; x_wconf 93' lang='grc' dir='ltr'>ἡ</span> <span class='ocrx_word' id='word_1_366' title='bbox 354 2490 521 2573; x_wconf 85' lang='grc' dir='ltr'>παρασκευὴ.</span> <span class='ocrx_word' id='word_1_367' title='bbox 537 2521 569 2532; x_wconf 91' lang='grc'>-</span> <span class='ocrx_word' id='word_1_368' title='bbox 583 2512 605 2550; x_wconf 81' lang='grc' dir='ltr'>ο.</span> <span class='ocrx_word' id='word_1_369' title='bbox 620 2488 809 2570; x_wconf 79' lang='grc' dir='ltr'>Κουρίσαντες]</span> <span class='ocrx_word' id='word_1_370' title='bbox 821 2488 880 2560; x_wconf 86' lang='grc' dir='ltr'>ἡτοι</span> <span class='ocrx_word' id='word_1_371' title='bbox 926 2488 1105 2571; x_wconf 79' lang='grc' dir='ltr'>θπερύιθάσαι</span> <span class='ocrx_word' id='word_1_372' title='bbox 1121 2488 1188 2568; x_wconf 74' lang='grc' dir='ltr'>χρὴ,</span> <span class='ocrx_word' id='word_1_373' title='bbox 1209 2485 1252 2546; x_wconf 80' lang='grc' dir='ltr'>ἵνα</span> <span class='ocrx_word' id='word_1_374' title='bbox 1269 2487 1306 2565; x_wconf 74' lang='grc' dir='ltr'>με]</span> <span class='ocrx_word' id='word_1_375' title='bbox 1322 2486 1505 2571; x_wconf 82' lang='grc' dir='ltr'>σολοικσρανὲς</span> <span class='ocrx_word' id='word_1_376' title='bbox 1522 2479 1540 2568; x_wconf 77' lang='grc' dir='ltr'>ἡ</span> <span class='ocrx_word' id='word_1_377' title='bbox 1556 2487 1585 2546; x_wconf 82' lang='grc' dir='ltr'>τὸ</span> <span class='ocrx_word' id='word_1_378' title='bbox 1602 2493 1710 2568; x_wconf 79' lang='grc' dir='ltr'>σχῆμα,</span> 
     </span>
     <span class='ocr_line' id='line_1_26' title="bbox 58 2574 1752 2673; baseline -0.005 -29"><span class='ocrx_word' id='word_1_379' title='bbox 58 2574 91 2673; x_wconf 50' lang='grc' dir='ltr'>,γ’</span> <span class='ocrx_word' id='word_1_380' title='bbox 100 2590 190 2664; x_wconf 78' lang='grc' dir='ltr'>κοῦροι</span> <span class='ocrx_word' id='word_1_381' title='bbox 201 2583 286 2653; x_wconf 84' lang='grc' dir='ltr'>ὄντες,</span> <span class='ocrx_word' id='word_1_382' title='bbox 297 2581 314 2653; x_wconf 82' lang='grc' dir='ltr'>ἡ</span> <span class='ocrx_word' id='word_1_383' title='bbox 326 2581 514 2646; x_wconf 82' lang='grc' dir='ltr'>καταλιπόντες</span> <span class='ocrx_word' id='word_1_384' title='bbox 527 2577 612 2637; x_wconf 88' lang='grc' dir='ltr'>όπίσω</span> <span class='ocrx_word' id='word_1_385' title='bbox 624 2577 671 2649; x_wconf 83' lang='grc' dir='ltr'>τὴν</span> <span class='ocrx_word' id='word_1_386' title='bbox 687 2586 775 2635; x_wconf 78' lang='grc' dir='ltr'>πᾶσαν</span> <span class='ocrx_word' id='word_1_387' title='bbox 790 2600 882 2658; x_wconf 87' lang='grc' dir='ltr'>παρα·</span> <span class='ocrx_word' id='word_1_388' title='bbox 927 2579 973 2639; x_wconf 84' lang='grc' dir='ltr'>καλ</span> <span class='ocrx_word' id='word_1_389' title='bbox 993 2577 1061 2638; x_wconf 85' lang='grc' dir='ltr'>σύτο)</span> <span class='ocrx_word' id='word_1_390' title='bbox 1080 2576 1214 2644; x_wconf 78' lang='grc' dir='ltr'>συντάξαι·</span> <span class='ocrx_word' id='word_1_391' title='bbox 1235 2575 1308 2658; x_wconf 81' lang='grc' dir='ltr'>παρὰ</span> <span class='ocrx_word' id='word_1_392' title='bbox 1326 2581 1448 2635; x_wconf 80' lang='grc' dir='ltr'>τοσοῦτον</span> <span class='ocrx_word' id='word_1_393' title='bbox 1471 2576 1624 2656; x_wconf 84' lang='grc' dir='ltr'>γιγνώσκω,</span> <span class='ocrx_word' id='word_1_394' title='bbox 1647 2575 1711 2644; x_wconf 84' lang='grc' dir='ltr'>ὥςτε</span> <span class='ocrx_word' id='word_1_395' title='bbox 1726 2608 1752 2646; x_wconf 69' lang='lat' dir='ltr'>:s</span> 
     </span>
     <span class='ocr_line' id='line_1_27' title="bbox 101 2664 1711 2748; baseline -0.004 -17"><span class='ocrx_word' id='word_1_396' title='bbox 101 2671 206 2742; x_wconf 89' lang='grc' dir='ltr'>σκευήν.</span> <span class='ocrx_word' id='word_1_397' title='bbox 220 2697 250 2706; x_wconf 89' lang='grc'>-</span> <span class='ocrx_word' id='word_1_398' title='bbox 263 2672 296 2730; x_wconf 74' lang='lat' dir='ltr'>El</span> <span class='ocrx_word' id='word_1_399' title='bbox 314 2668 341 2728; x_wconf 84' lang='grc' dir='ltr'>δέ</span> <span class='ocrx_word' id='word_1_400' title='bbox 363 2670 400 2746; x_wconf 86' lang='grc' dir='ltr'>μὴ</span> <span class='ocrx_word' id='word_1_401' title='bbox 423 2666 590 2748; x_wconf 89' lang='grc' dir='ltr'>προςδοκοίη]</span> <span class='ocrx_word' id='word_1_402' title='bbox 612 2664 769 2747; x_wconf 82' lang='grc' dir='ltr'>προςόαλεῖν</span> <span class='ocrx_word' id='word_1_403' title='bbox 788 2666 884 2737; x_wconf 84' lang='grc' dir='ltr'>δηλεν-</span> <span class='ocrx_word' id='word_1_404' title='bbox 929 2667 1003 2746; x_wconf 90' lang='grc' dir='ltr'>μόγις</span> <span class='ocrx_word' id='word_1_405' title='bbox 1021 2667 1052 2726; x_wconf 85' lang='grc' dir='ltr'>ἀν</span> <span class='ocrx_word' id='word_1_406' title='bbox 1066 2690 1110 2745; x_wconf 91' lang='grc' dir='ltr'>μοι</span> <span class='ocrx_word' id='word_1_407' title='bbox 1123 2667 1241 2725; x_wconf 82' lang='grc' dir='ltr'>δοκοῦσιν</span> <span class='ocrx_word' id='word_1_408' title='bbox 1256 2668 1301 2724; x_wconf 82' lang='grc' dir='ltr'>οὐκ</span> <span class='ocrx_word' id='word_1_409' title='bbox 1319 2664 1350 2724; x_wconf 85' lang='grc' dir='ltr'>ἀν</span> <span class='ocrx_word' id='word_1_410' title='bbox 1367 2665 1522 2724; x_wconf 89' lang='grc' dir='ltr'>παντάπασι</span> <span class='ocrx_word' id='word_1_411' title='bbox 1539 2668 1711 2747; x_wconf 77' lang='grc' dir='ltr'>διαρθαρὴνα·</span> 
     </span>
     <span class='ocr_line' id='line_1_28' title="bbox 101 2745 1712 2839; baseline -0.006 -21"><span class='ocrx_word' id='word_1_412' title='bbox 101 2761 149 2818; x_wconf 92' lang='grc' dir='ltr'>ότι.</span> <span class='ocrx_word' id='word_1_413' title='bbox 164 2788 195 2799; x_wconf 95' lang='grc'>-</span> <span class='ocrx_word' id='word_1_414' title='bbox 213 2757 418 2839; x_wconf 86' lang='grc' dir='ltr'>Περαιωθέντες]</span> <span class='ocrx_word' id='word_1_415' title='bbox 438 2758 473 2823; x_wconf 84' lang='grc' dir='ltr'>εἰς</span> <span class='ocrx_word' id='word_1_416' title='bbox 493 2754 536 2813; x_wconf 81' lang='grc' dir='ltr'>τὸν</span> <span class='ocrx_word' id='word_1_417' title='bbox 554 2753 681 2833; x_wconf 86' lang='grc' dir='ltr'>Τάραντα</span> <span class='ocrx_word' id='word_1_418' title='bbox 700 2752 830 2826; x_wconf 89' lang='grc' dir='ltr'>δηλονότι.</span> <span class='ocrx_word' id='word_1_419' title='bbox 850 2785 882 2794; x_wconf 90' lang='grc'>-</span> <span class='ocrx_word' id='word_1_420' title='bbox 927 2759 952 2815; x_wconf 83' lang='grc' dir='ltr'>οἰ</span> <span class='ocrx_word' id='word_1_421' title='bbox 962 2756 1102 2827; x_wconf 82' lang='grc' dir='ltr'>Ἀθηναῖοι.</span> <span class='ocrx_word' id='word_1_422' title='bbox 1117 2789 1154 2798; x_wconf 91' lang='lat'><em>-</em></span> <span class='ocrx_word' id='word_1_423' title='bbox 1166 2745 1256 2813; x_wconf 79' lang='grc' dir='ltr'>Ἶίπού</span> <span class='ocrx_word' id='word_1_424' title='bbox 1265 2776 1294 2831; x_wconf 90' lang='grc' dir='ltr'>γε</span> <span class='ocrx_word' id='word_1_425' title='bbox 1307 2752 1338 2823; x_wconf 86' lang='grc' dir='ltr'>δὴ</span> <span class='ocrx_word' id='word_1_426' title='bbox 1349 2755 1376 2811; x_wconf 81' lang='grc' dir='ltr'>έν</span> <span class='ocrx_word' id='word_1_427' title='bbox 1388 2753 1461 2832; x_wconf 80' lang='grc' dir='ltr'>πάσῃ</span> <span class='ocrx_word' id='word_1_428' title='bbox 1474 2753 1589 2834; x_wconf 74' lang='grc' dir='ltr'>πολεμία</span> <span class='ocrx_word' id='word_1_429' title='bbox 1603 2753 1712 2833; x_wconf 73' lang='grc' dir='ltr'>Σικελία</span> 
     </span>
     <span class='ocr_line' id='line_1_29' title="bbox 102 2838 1712 2926; baseline -0.003 -21"><span class='ocrx_word' id='word_1_430' title='bbox 102 2845 232 2926; x_wconf 82' lang='grc' dir='ltr'>Ἀποροῖεν</span> <span class='ocrx_word' id='word_1_431' title='bbox 247 2844 291 2923; x_wconf 87' lang='grc' dir='ltr'>ἀν]</span> <span class='ocrx_word' id='word_1_432' title='bbox 306 2847 341 2911; x_wconf 89' lang='grc' dir='ltr'>εἰς</span> <span class='ocrx_word' id='word_1_433' title='bbox 358 2843 470 2922; x_wconf 89' lang='grc' dir='ltr'>ἀπορίαν</span> <span class='ocrx_word' id='word_1_434' title='bbox 492 2838 703 2911; x_wconf 72' lang='grc' dir='ltr'>καταστήσονται</span> <span class='ocrx_word' id='word_1_435' title='bbox 718 2843 770 2899; x_wconf 85' lang='grc' dir='ltr'>τῶν</span> <span class='ocrx_word' id='word_1_436' title='bbox 790 2843 884 2912; x_wconf 83' lang='grc' dir='ltr'>έπιτη-</span> <span class='ocrx_word' id='word_1_437' title='bbox 928 2845 970 2922; x_wconf 88' lang='grc' dir='ltr'>γε]</span> <span class='ocrx_word' id='word_1_438' title='bbox 994 2843 1073 2921; x_wconf 81' lang='grc' dir='ltr'>μήτοι</span> <span class='ocrx_word' id='word_1_439' title='bbox 1088 2865 1118 2921; x_wconf 90' lang='grc' dir='ltr'>γε</span> <span class='ocrx_word' id='word_1_440' title='bbox 1141 2843 1167 2899; x_wconf 80' lang='grc' dir='ltr'>έν</span> <span class='ocrx_word' id='word_1_441' title='bbox 1188 2841 1296 2922; x_wconf 74' lang='grc' dir='ltr'>Σικελία</span> <span class='ocrx_word' id='word_1_442' title='bbox 1319 2839 1394 2920; x_wconf 87' lang='grc' dir='ltr'>πάση</span> <span class='ocrx_word' id='word_1_443' title='bbox 1414 2841 1529 2923; x_wconf 78' lang='grc' dir='ltr'>πολεμίᾳ</span> <span class='ocrx_word' id='word_1_444' title='bbox 1549 2840 1712 2921; x_wconf 78' lang='grc' dir='ltr'>καθεστώσῃ.</span> 
     </span>
     <span class='ocr_line' id='line_1_30' title="bbox 102 2927 1714 3013; baseline -0.002 -23"><span class='ocrx_word' id='word_1_445' title='bbox 102 2931 187 2992; x_wconf 90' lang='grc' dir='ltr'>δείων.</span> <span class='ocrx_word' id='word_1_446' title='bbox 202 2962 232 2974; x_wconf 93' lang='grc'>-</span> <span class='ocrx_word' id='word_1_447' title='bbox 249 2927 418 3013; x_wconf 87' lang='grc' dir='ltr'>Παραπλεῖν]</span> <span class='ocrx_word' id='word_1_448' title='bbox 433 2930 476 2989; x_wconf 87' lang='grc' dir='ltr'>τὸν</span> <span class='ocrx_word' id='word_1_449' title='bbox 491 2929 617 3010; x_wconf 87' lang='grc' dir='ltr'>Τάραντα</span> <span class='ocrx_word' id='word_1_450' title='bbox 632 2928 763 3000; x_wconf 89' lang='grc' dir='ltr'>δηλονότι.</span> <span class='ocrx_word' id='word_1_451' title='bbox 779 2955 809 2963; x_wconf 92' lang='grc'>-</span> <span class='ocrx_word' id='word_1_452' title='bbox 830 2927 885 2987; x_wconf 77' lang='grc' dir='ltr'>Καὶ</span> <span class='ocrx_word' id='word_1_453' title='bbox 928 2928 1154 3011; x_wconf 87' lang='grc' dir='ltr'>-Στρατοπέδῳ</span> <span class='ocrx_word' id='word_1_454' title='bbox 1164 2937 1203 3001; x_wconf 91' lang='grc' dir='ltr'>τε]</span> <span class='ocrx_word' id='word_1_455' title='bbox 1216 2928 1561 3009; x_wconf 79' lang='grc' dir='ltr'>λείπειχρόιμενοι.-Καί</span> <span class='ocrx_word' id='word_1_456' title='bbox 1569 2929 1714 3007; x_wconf 87' lang='grc' dir='ltr'>ἀναγκαίας</span> 
     </span>
     <span class='ocr_line' id='line_1_31' title="bbox 61 3014 1753 3108; baseline -0.001 -29"><span class='ocrx_word' id='word_1_457' title='bbox 61 3067 90 3108; x_wconf 74' lang='lat'>2⁰</span> <span class='ocrx_word' id='word_1_458' title='bbox 102 3019 136 3079; x_wconf 72' lang='grc' dir='ltr'>τά</span> <span class='ocrx_word' id='word_1_459' title='bbox 149 3024 201 3079; x_wconf 87' lang='grc' dir='ltr'>τῶν</span> <span class='ocrx_word' id='word_1_460' title='bbox 212 3020 355 3098; x_wconf 89' lang='grc' dir='ltr'>πόλεων...]</span> <span class='ocrx_word' id='word_1_461' title='bbox 369 3019 429 3090; x_wconf 85' lang='grc' dir='ltr'>καί,</span> <span class='ocrx_word' id='word_1_462' title='bbox 441 3021 488 3078; x_wconf 86' lang='grc' dir='ltr'>οὐκ</span> <span class='ocrx_word' id='word_1_463' title='bbox 506 3018 601 3085; x_wconf 86' lang='grc' dir='ltr'>εἰδότες</span> <span class='ocrx_word' id='word_1_464' title='bbox 614 3016 740 3094; x_wconf 82' lang='grc' dir='ltr'>βεόαέως,</span> <span class='ocrx_word' id='word_1_465' title='bbox 752 3019 775 3075; x_wconf 92' lang='grc' dir='ltr'>εἰ</span> <span class='ocrx_word' id='word_1_466' title='bbox 789 3019 817 3074; x_wconf 83' lang='grc' dir='ltr'>εί</span> <span class='ocrx_word' id='word_1_467' title='bbox 833 3014 884 3075; x_wconf 90' lang='grc' dir='ltr'>πό·</span> <span class='ocrx_word' id='word_1_468' title='bbox 929 3022 1108 3099; x_wconf 76' lang='grc' dir='ltr'>παρασκευῆς]</span> <span class='ocrx_word' id='word_1_469' title='bbox 1123 3019 1152 3074; x_wconf 87' lang='grc' dir='ltr'>οὐ</span> <span class='ocrx_word' id='word_1_470' title='bbox 1167 3022 1214 3087; x_wconf 77' lang='grc' dir='ltr'>τῆς</span> <span class='ocrx_word' id='word_1_471' title='bbox 1227 3019 1257 3076; x_wconf 77' lang='grc' dir='ltr'>ἐκ</span> <span class='ocrx_word' id='word_1_472' title='bbox 1270 3017 1433 3097; x_wconf 87' lang='grc' dir='ltr'>περιουσίας,</span> <span class='ocrx_word' id='word_1_473' title='bbox 1448 3017 1515 3076; x_wconf 82' lang='grc' dir='ltr'>ἀλλά</span> <span class='ocrx_word' id='word_1_474' title='bbox 1529 3022 1576 3089; x_wconf 82' lang='grc' dir='ltr'>τῆς</span> <span class='ocrx_word' id='word_1_475' title='bbox 1589 3017 1649 3077; x_wconf 79' lang='grc' dir='ltr'>οὐδὲ</span> <span class='ocrx_word' id='word_1_476' title='bbox 1663 3020 1710 3076; x_wconf 85' lang='grc' dir='ltr'>αύ-</span> <span class='ocrx_word' id='word_1_477' title='bbox 1727 3045 1753 3083; x_wconf 81' lang='grc' dir='ltr'>ιο</span> 
     </span>
     <span class='ocr_line' id='line_1_32' title="bbox 103 3102 1714 3189; baseline -0.001 -22"><span class='ocrx_word' id='word_1_478' title='bbox 103 3102 155 3175; x_wconf 85' lang='grc' dir='ltr'>λεις</span> <span class='ocrx_word' id='word_1_479' title='bbox 170 3108 336 3176; x_wconf 79' lang='grc' dir='ltr'>ὑποδέξονται</span> <span class='ocrx_word' id='word_1_480' title='bbox 349 3105 456 3178; x_wconf 76' lang='grc' dir='ltr'>αὐτούς,</span> <span class='ocrx_word' id='word_1_481' title='bbox 474 3108 596 3183; x_wconf 88' lang='grc' dir='ltr'>ἀθυμοῖεν</span> <span class='ocrx_word' id='word_1_482' title='bbox 609 3106 651 3166; x_wconf 89' lang='grc' dir='ltr'>ἀν.</span> <span class='ocrx_word' id='word_1_483' title='bbox 667 3135 698 3146; x_wconf 88' lang='grc'>-</span> <span class='ocrx_word' id='word_1_484' title='bbox 711 3126 733 3166; x_wconf 84' lang='grc' dir='ltr'>ο.</span> <span class='ocrx_word' id='word_1_485' title='bbox 750 3104 886 3176; x_wconf 79' lang='grc' dir='ltr'>Ἐξωσθὴ-</span> <span class='ocrx_word' id='word_1_486' title='bbox 929 3107 1049 3189; x_wconf 85' lang='grc' dir='ltr'>τάρκους.</span> <span class='ocrx_word' id='word_1_487' title='bbox 1059 3103 1168 3164; x_wconf 83' lang='grc' dir='ltr'>-Ὓπδ</span> <span class='ocrx_word' id='word_1_488' title='bbox 1179 3107 1232 3163; x_wconf 85' lang='grc' dir='ltr'>τῶν</span> <span class='ocrx_word' id='word_1_489' title='bbox 1243 3111 1292 3183; x_wconf 82' lang='grc' dir='ltr'>ἡμ.</span> <span class='ocrx_word' id='word_1_490' title='bbox 1307 3109 1380 3178; x_wconf 75' lang='grc' dir='ltr'>ἱππ]</span> <span class='ocrx_word' id='word_1_491' title='bbox 1394 3106 1538 3188; x_wconf 83' lang='grc' dir='ltr'>εἰργόμενοι</span> <span class='ocrx_word' id='word_1_492' title='bbox 1547 3111 1593 3178; x_wconf 81' lang='grc' dir='ltr'>τῆς</span> <span class='ocrx_word' id='word_1_493' title='bbox 1606 3110 1654 3184; x_wconf 81' lang='grc' dir='ltr'>γ’ής</span> <span class='ocrx_word' id='word_1_494' title='bbox 1663 3106 1714 3165; x_wconf 81' lang='grc' dir='ltr'>ὑπὸ</span> 
     </span>
     <span class='ocr_line' id='line_1_33' title="bbox 103 3192 1714 3275; baseline -0.001 -23"><span class='ocrx_word' id='word_1_495' title='bbox 103 3218 147 3253; x_wconf 92' lang='grc' dir='ltr'>ναι</span> <span class='ocrx_word' id='word_1_496' title='bbox 157 3194 231 3274; x_wconf 83' lang='grc' dir='ltr'>ἀν...]</span> <span class='ocrx_word' id='word_1_497' title='bbox 245 3197 410 3253; x_wconf 79' lang='grc' dir='ltr'>ἐκπεσεῖσθαι</span> <span class='ocrx_word' id='word_1_498' title='bbox 420 3192 464 3253; x_wconf 78' lang='grc' dir='ltr'>τὸν</span> <span class='ocrx_word' id='word_1_499' title='bbox 477 3193 568 3274; x_wconf 89' lang='grc' dir='ltr'>καιρδν</span> <span class='ocrx_word' id='word_1_500' title='bbox 587 3198 632 3252; x_wconf 82' lang='grc' dir='ltr'>τοῦ</span> <span class='ocrx_word' id='word_1_501' title='bbox 646 3195 714 3252; x_wconf 80' lang='grc' dir='ltr'>πλοῦ</span> <span class='ocrx_word' id='word_1_502' title='bbox 731 3195 767 3261; x_wconf 86' lang='grc' dir='ltr'>εἰς</span> <span class='ocrx_word' id='word_1_503' title='bbox 782 3196 885 3274; x_wconf 84' lang='grc' dir='ltr'>χειμῶ-</span> <span class='ocrx_word' id='word_1_504' title='bbox 930 3199 981 3254; x_wconf 82' lang='grc' dir='ltr'>τῶν</span> <span class='ocrx_word' id='word_1_505' title='bbox 1001 3193 1135 3274; x_wconf 77' lang='grc' dir='ltr'>ἡμετέρων</span> <span class='ocrx_word' id='word_1_506' title='bbox 1150 3193 1261 3252; x_wconf 84' lang='grc' dir='ltr'>ἱππέων.</span> <span class='ocrx_word' id='word_1_507' title='bbox 1283 3229 1322 3239; x_wconf 90' lang='grc'><strong>-</strong></span> <span class='ocrx_word' id='word_1_508' title='bbox 1335 3196 1400 3254; x_wconf 79' lang='grc' dir='ltr'>Οὐδ’</span> <span class='ocrx_word' id='word_1_509' title='bbox 1416 3194 1447 3253; x_wconf 87' lang='grc' dir='ltr'>ἀν</span> <span class='ocrx_word' id='word_1_510' title='bbox 1467 3199 1600 3275; x_wconf 75' lang='grc' dir='ltr'>κρατῆσαι</span> <span class='ocrx_word' id='word_1_511' title='bbox 1620 3194 1714 3262; x_wconf 80' lang='grc' dir='ltr'>αὐτοὺς</span> 
     </span>
     <span class='ocr_line' id='line_1_34' title="bbox 103 3280 1712 3363; baseline 0 -23"><span class='ocrx_word' id='word_1_512' title='bbox 103 3306 158 3349; x_wconf 90' lang='grc' dir='ltr'>νας.</span> <span class='ocrx_word' id='word_1_513' title='bbox 174 3313 205 3325; x_wconf 92' lang='grc'>-</span> <span class='ocrx_word' id='word_1_514' title='bbox 215 3286 271 3343; x_wconf 76' lang='grc' dir='ltr'>Τοῦ</span> <span class='ocrx_word' id='word_1_515' title='bbox 285 3281 473 3362; x_wconf 79' lang='grc' dir='ltr'>ίμπειροτάτου</span> <span class='ocrx_word' id='word_1_516' title='bbox 488 3285 539 3340; x_wconf 82' lang='grc' dir='ltr'>τῶν</span> <span class='ocrx_word' id='word_1_517' title='bbox 551 3283 719 3363; x_wconf 79' lang='grc' dir='ltr'>στρατηγῶν]</span> <span class='ocrx_word' id='word_1_518' title='bbox 732 3281 775 3340; x_wconf 86' lang='grc' dir='ltr'>τδν</span> <span class='ocrx_word' id='word_1_519' title='bbox 789 3280 886 3343; x_wconf 86' lang='grc' dir='ltr'>Νικίαν</span> <span class='ocrx_word' id='word_1_520' title='bbox 930 3289 976 3356; x_wconf 72' lang='grc' dir='ltr'>τῆς</span> <span class='ocrx_word' id='word_1_521' title='bbox 985 3289 1033 3361; x_wconf 78' lang='grc' dir='ltr'>γῆς</span> <span class='ocrx_word' id='word_1_522' title='bbox 1046 3287 1172 3360; x_wconf 80' lang='grc' dir='ltr'>ἡγοῦμαι]</span> <span class='ocrx_word' id='word_1_523' title='bbox 1187 3282 1240 3340; x_wconf 79' lang='grc' dir='ltr'>οὐδ’</span> <span class='ocrx_word' id='word_1_524' title='bbox 1253 3281 1284 3341; x_wconf 89' lang='grc' dir='ltr'>ἀν</span> <span class='ocrx_word' id='word_1_525' title='bbox 1300 3282 1432 3356; x_wconf 79' lang='grc' dir='ltr'>ἀποόῆναι</span> <span class='ocrx_word' id='word_1_526' title='bbox 1449 3282 1541 3350; x_wconf 78' lang='grc' dir='ltr'>αὐτούς</span> <span class='ocrx_word' id='word_1_527' title='bbox 1552 3285 1588 3350; x_wconf 88' lang='grc' dir='ltr'>είς</span> <span class='ocrx_word' id='word_1_528' title='bbox 1602 3280 1650 3355; x_wconf 85' lang='grc' dir='ltr'>τὴν</span> <span class='ocrx_word' id='word_1_529' title='bbox 1664 3286 1712 3361; x_wconf 77' lang='grc' dir='ltr'>γῆν</span> 
     </span>
     <span class='ocr_line' id='line_1_35' title="bbox 103 3368 1204 3450; baseline -0.001 -23"><span class='ocrx_word' id='word_1_530' title='bbox 103 3368 183 3448; x_wconf 86' lang='grc' dir='ltr'>λέγει.</span> <span class='ocrx_word' id='word_1_531' title='bbox 197 3395 228 3405; x_wconf 83' lang='grc'>-</span> <span class='ocrx_word' id='word_1_532' title='bbox 246 3369 409 3450; x_wconf 75' lang='grc' dir='ltr'>Ἀξιόχρεων]</span> <span class='ocrx_word' id='word_1_533' title='bbox 430 3369 584 3450; x_wconf 85' lang='grc' dir='ltr'>ἀξιόμαχον,</span> <span class='ocrx_word' id='word_1_534' title='bbox 604 3369 719 3449; x_wconf 81' lang='grc' dir='ltr'>βέύαιον,</span> <span class='ocrx_word' id='word_1_535' title='bbox 739 3370 832 3429; x_wconf 79' lang='grc' dir='ltr'>πιστὸν</span> <span class='ocrx_word' id='word_1_536' title='bbox 851 3372 887 3436; x_wconf 85' lang='grc' dir='ltr'>είς</span> <span class='ocrx_word' id='word_1_537' title='bbox 931 3372 1027 3450; x_wconf 88' lang='grc' dir='ltr'>νομίζω</span> <span class='ocrx_word' id='word_1_538' title='bbox 1039 3369 1204 3441; x_wconf 87' lang='grc' dir='ltr'>δυνήσεσθαι.</span> 
     </span>
     <span class='ocr_line' id='line_1_36' title="bbox 104 3455 1753 3539; baseline 0.004 -25"><span class='ocrx_word' id='word_1_539' title='bbox 104 3455 272 3537; x_wconf 84' lang='grc' dir='ltr'>ἀξιομαχίαν.</span> <span class='ocrx_word' id='word_1_540' title='bbox 284 3488 314 3499; x_wconf 95' lang='grc'>-</span> <span class='ocrx_word' id='word_1_541' title='bbox 327 3479 349 3518; x_wconf 85' lang='lat'>7.</span> <span class='ocrx_word' id='word_1_542' title='bbox 363 3460 425 3517; x_wconf 84' lang='grc' dir='ltr'>Τῶν</span> <span class='ocrx_word' id='word_1_543' title='bbox 437 3458 459 3516; x_wconf 84' lang='grc' dir='ltr'>δ’</span> <span class='ocrx_word' id='word_1_544' title='bbox 472 3457 616 3538; x_wconf 87' lang='grc' dir='ltr'>ἀνθρώπων</span> <span class='ocrx_word' id='word_1_545' title='bbox 630 3458 695 3539; x_wconf 88' lang='grc' dir='ltr'>πρδς</span> <span class='ocrx_word' id='word_1_546' title='bbox 706 3457 739 3517; x_wconf 81' lang='grc' dir='ltr'>τά</span> <span class='ocrx_word' id='word_1_547' title='bbox 757 3457 887 3537; x_wconf 89' lang='grc' dir='ltr'>λεγόμενα</span> <span class='ocrx_word' id='word_1_548' title='bbox 970 3460 1130 3521; x_wconf 83' lang='lat' dir='ltr'><strong>XXXVlll.</strong></span> <span class='ocrx_word' id='word_1_549' title='bbox 1153 3456 1286 3529; x_wconf 85' lang='grc' dir='ltr'>Ἐνθένδε]</span> <span class='ocrx_word' id='word_1_550' title='bbox 1297 3457 1350 3516; x_wconf 81' lang='grc' dir='ltr'>ἀπὸ</span> <span class='ocrx_word' id='word_1_551' title='bbox 1364 3461 1411 3528; x_wconf 79' lang='grc' dir='ltr'>τῆς</span> <span class='ocrx_word' id='word_1_552' title='bbox 1424 3455 1533 3524; x_wconf 87' lang='grc' dir='ltr'>πόλεως.</span> <span class='ocrx_word' id='word_1_553' title='bbox 1546 3492 1586 3503; x_wconf 87' lang='lat'><em>-</em></span> <span class='ocrx_word' id='word_1_554' title='bbox 1596 3456 1667 3518; x_wconf 88' lang='grc' dir='ltr'>Ούτε</span> <span class='ocrx_word' id='word_1_555' title='bbox 1680 3456 1711 3516; x_wconf 80' lang='grc' dir='ltr'>ἂν</span> <span class='ocrx_word' id='word_1_556' title='bbox 1727 3483 1753 3520; x_wconf 80' lang='grc' dir='ltr'>ιιι</span> 
     </span>
     <span class='ocr_line' id='line_1_37' title="bbox 63 3541 1714 3636; baseline -0.001 -31"><span class='ocrx_word' id='word_1_557' title='bbox 63 3596 90 3636; x_wconf 73' lang='lat'>³5</span> <span class='ocrx_word' id='word_1_558' title='bbox 105 3543 147 3622; x_wconf 84' lang='lat'><strong>...]</strong></span> <span class='ocrx_word' id='word_1_559' title='bbox 162 3541 285 3625; x_wconf 78' lang='grc' dir='ltr'>Ὄμηρος</span> <span class='ocrx_word' id='word_1_560' title='bbox 301 3545 359 3624; x_wconf 83' lang='lat' dir='ltr'>[od.</span> <span class='ocrx_word' id='word_1_561' title='bbox 376 3558 408 3617; x_wconf 86' lang='grc' dir='ltr'>Σ,</span> <span class='ocrx_word' id='word_1_562' title='bbox 424 3547 484 3624; x_wconf 69' lang='grc' dir='ltr'>τοι]</span> <span class='ocrx_word' id='word_1_563' title='bbox 930 3550 1069 3628; x_wconf 88' lang='grc' dir='ltr'>γενόμενα]</span> <span class='ocrx_word' id='word_1_564' title='bbox 1084 3548 1135 3625; x_wconf 85' lang='grc' dir='ltr'>οὐχ</span> <span class='ocrx_word' id='word_1_565' title='bbox 1150 3541 1193 3605; x_wconf 79' lang='grc' dir='ltr'>οἶά</span> <span class='ocrx_word' id='word_1_566' title='bbox 1207 3568 1235 3604; x_wconf 90' lang='grc' dir='ltr'>τε</span> <span class='ocrx_word' id='word_1_567' title='bbox 1250 3545 1378 3623; x_wconf 91' lang='grc' dir='ltr'>γενέσθαι.</span> <span class='ocrx_word' id='word_1_568' title='bbox 1393 3580 1433 3591; x_wconf 89' lang='grc'><strong>-</strong></span> <span class='ocrx_word' id='word_1_569' title='bbox 1448 3551 1632 3624; x_wconf 84' lang='grc' dir='ltr'>Λογοποιοῦσι]</span> <span class='ocrx_word' id='word_1_570' title='bbox 1650 3549 1714 3628; x_wconf 73' lang='grc' dir='ltr'>ψευ-</span> 
     </span>
     <span class='ocr_line' id='line_1_38' title="bbox 933 3633 1715 3716; baseline -0.003 -20"><span class='ocrx_word' id='word_1_571' title='bbox 933 3636 988 3696; x_wconf 90' lang='grc' dir='ltr'>δέσι</span> <span class='ocrx_word' id='word_1_572' title='bbox 1005 3635 1091 3713; x_wconf 88' lang='grc' dir='ltr'>λόγοις</span> <span class='ocrx_word' id='word_1_573' title='bbox 1110 3634 1268 3695; x_wconf 90' lang='grc' dir='ltr'>συντιθέασι.</span> <span class='ocrx_word' id='word_1_574' title='bbox 1285 3669 1325 3679; x_wconf 89' lang='grc'>-</span> <span class='ocrx_word' id='word_1_575' title='bbox 1340 3655 1361 3693; x_wconf 78' lang='grc' dir='ltr'>ε.</span> <span class='ocrx_word' id='word_1_576' title='bbox 1378 3633 1615 3716; x_wconf 88' lang='grc' dir='ltr'>Κακουργοτέροις]</span> <span class='ocrx_word' id='word_1_577' title='bbox 1633 3659 1715 3707; x_wconf 78' lang='grc' dir='ltr'>πονη·</span> 
     </span>
     <span class='ocr_line' id='line_1_39' title="bbox 933 3721 1714 3807; baseline -0.004 -24"><span class='ocrx_word' id='word_1_578' title='bbox 933 3724 1055 3807; x_wconf 84' lang='grc' dir='ltr'>ροτέροις.</span> <span class='ocrx_word' id='word_1_579' title='bbox 1076 3758 1117 3769; x_wconf 89' lang='grc'>-</span> <span class='ocrx_word' id='word_1_580' title='bbox 1136 3722 1229 3800; x_wconf 81' lang='grc' dir='ltr'>Ἡμεῖς</span> <span class='ocrx_word' id='word_1_581' title='bbox 1248 3723 1275 3781; x_wconf 79' lang='grc' dir='ltr'>δέ</span> <span class='ocrx_word' id='word_1_582' title='bbox 1289 3721 1406 3795; x_wconf 82' lang='grc' dir='ltr'>κακοί...]</span> <span class='ocrx_word' id='word_1_583' title='bbox 1421 3727 1499 3800; x_wconf 80' lang='grc' dir='ltr'>ἡμεῖς</span> <span class='ocrx_word' id='word_1_584' title='bbox 1514 3722 1541 3782; x_wconf 79' lang='grc' dir='ltr'>δὲ</span> <span class='ocrx_word' id='word_1_585' title='bbox 1561 3723 1604 3784; x_wconf 72' lang='grc' dir='ltr'>διὰ</span> <span class='ocrx_word' id='word_1_586' title='bbox 1618 3725 1714 3783; x_wconf 90' lang='grc' dir='ltr'>κακίαν</span> 
     </span>
     <span class='ocr_line' id='line_1_40' title="bbox 932 3808 1715 3893; baseline -0.001 -22"><span class='ocrx_word' id='word_1_587' title='bbox 932 3810 1055 3872; x_wconf 91' lang='grc' dir='ltr'>ἀδύνατοί</span> <span class='ocrx_word' id='word_1_588' title='bbox 1069 3813 1148 3889; x_wconf 85' lang='grc' dir='ltr'>έσμιν</span> <span class='ocrx_word' id='word_1_589' title='bbox 1168 3810 1214 3868; x_wconf 84' lang='grc' dir='ltr'>καί</span> <span class='ocrx_word' id='word_1_590' title='bbox 1233 3808 1419 3891; x_wconf 87' lang='grc' dir='ltr'>προαισθέσθαι</span> <span class='ocrx_word' id='word_1_591' title='bbox 1432 3810 1491 3878; x_wconf 81' lang='grc' dir='ltr'>τοὺς</span> <span class='ocrx_word' id='word_1_592' title='bbox 1505 3811 1649 3893; x_wconf 76' lang='grc' dir='ltr'>πονηρούς,</span> <span class='ocrx_word' id='word_1_593' title='bbox 1669 3811 1715 3870; x_wconf 82' lang='grc' dir='ltr'>καί</span> 
     </span>
     <span class='ocr_line' id='line_1_41' title="bbox 104 3892 1755 3977; baseline -0.002 -18"><span class='ocrx_word' id='word_1_594' title='bbox 104 3922 136 3936; x_wconf 89' lang='grc'>··</span> <span class='ocrx_word' id='word_1_595' title='bbox 146 3892 332 3960; x_wconf 72' lang='grc' dir='ltr'>’Ῑσοκῑνδύνθυς</span> <span class='ocrx_word' id='word_1_596' title='bbox 343 3894 495 3973; x_wconf 81' lang='grc' dir='ltr'>ἡγούμενοι]</span> <span class='ocrx_word' id='word_1_597' title='bbox 509 3894 567 3966; x_wconf 82' lang='grc' dir='ltr'>ἡτοι</span> <span class='ocrx_word' id='word_1_598' title='bbox 579 3897 605 3952; x_wconf 84' lang='grc' dir='ltr'>έν</span> <span class='ocrx_word' id='word_1_599' title='bbox 618 3895 702 3976; x_wconf 82' lang='grc' dir='ltr'>ὁμοίῳ</span> <span class='ocrx_word' id='word_1_600' title='bbox 715 3894 825 3977; x_wconf 84' lang='grc' dir='ltr'>κινδύνῳ</span> <span class='ocrx_word' id='word_1_601' title='bbox 836 3918 888 3955; x_wconf 88' lang='grc' dir='ltr'>κα·</span> <span class='ocrx_word' id='word_1_602' title='bbox 933 3898 1116 3976; x_wconf 74' lang='grc' dir='ltr'>αἰσθανόμενοι</span> <span class='ocrx_word' id='word_1_603' title='bbox 1129 3897 1272 3967; x_wconf 78' lang='grc' dir='ltr'>ἐπεξελθεῖν</span> <span class='ocrx_word' id='word_1_604' title='bbox 1288 3899 1382 3965; x_wconf 81' lang='grc' dir='ltr'>αὐτοῖς.</span> <span class='ocrx_word' id='word_1_605' title='bbox 1399 3933 1439 3943; x_wconf 92' lang='grc'><strong>-</strong></span> <span class='ocrx_word' id='word_1_606' title='bbox 1455 3918 1478 3959; x_wconf 76' lang='lat'>³.</span> <span class='ocrx_word' id='word_1_607' title='bbox 1494 3899 1549 3959; x_wconf 83' lang='grc' dir='ltr'>Καὶ</span> <span class='ocrx_word' id='word_1_608' title='bbox 1563 3899 1714 3965; x_wconf 88' lang='grc' dir='ltr'>δυναστείας</span> <span class='ocrx_word' id='word_1_609' title='bbox 1729 3930 1755 3968; x_wconf 75' lang='lat'>⁴0</span> 
     </span>
     <span class='ocr_line' id='line_1_42' title="bbox 105 3980 1715 4064; baseline 0.002 -25"><span class='ocrx_word' id='word_1_610' title='bbox 105 3980 284 4052; x_wconf 86' lang='grc' dir='ltr'>ταστήσοντας</span> <span class='ocrx_word' id='word_1_611' title='bbox 304 3981 446 4055; x_wconf 79' lang='grc' dir='ltr'>αιἰτοδς,ἡ</span> <span class='ocrx_word' id='word_1_612' title='bbox 467 3985 610 4049; x_wconf 86' lang='grc' dir='ltr'>ίσοπαλεῖς.</span> <span class='ocrx_word' id='word_1_613' title='bbox 626 4010 657 4019; x_wconf 93' lang='grc'><strong>-</strong></span> <span class='ocrx_word' id='word_1_614' title='bbox 669 4005 691 4045; x_wconf 78' lang='grc' dir='ltr'>α.</span> <span class='ocrx_word' id='word_1_615' title='bbox 712 3983 840 4064; x_wconf 83' lang='grc' dir='ltr'>Δικαίως]</span> <span class='ocrx_word' id='word_1_616' title='bbox 858 3985 889 4043; x_wconf 80' lang='grc' dir='ltr'>τὸ</span> <span class='ocrx_word' id='word_1_617' title='bbox 933 3987 1047 4056; x_wconf 88' lang='grc' dir='ltr'>ἀδίκους]</span> <span class='ocrx_word' id='word_1_618' title='bbox 1064 3986 1118 4044; x_wconf 82' lang='grc' dir='ltr'>ἀπὸ</span> <span class='ocrx_word' id='word_1_619' title='bbox 1131 3990 1217 4044; x_wconf 76' lang='grc' dir='ltr'>κοινοῦ</span> <span class='ocrx_word' id='word_1_620' title='bbox 1236 3984 1266 4043; x_wconf 83' lang='grc' dir='ltr'>τὸ</span> <span class='ocrx_word' id='word_1_621' title='bbox 1285 3987 1439 4064; x_wconf 88' lang='grc' dir='ltr'>ἀναιρεῖται.</span> <span class='ocrx_word' id='word_1_622' title='bbox 1455 4019 1492 4029; x_wconf 84' lang='grc'>-</span> <span class='ocrx_word' id='word_1_623' title='bbox 1511 4005 1533 4045; x_wconf 82' lang='grc' dir='ltr'>ι.</span> <span class='ocrx_word' id='word_1_624' title='bbox 1554 3984 1623 4052; x_wconf 78' lang='grc' dir='ltr'>Τοὺς</span> <span class='ocrx_word' id='word_1_625' title='bbox 1640 3984 1668 4043; x_wconf 78' lang='grc' dir='ltr'>δέ</span> <span class='ocrx_word' id='word_1_626' title='bbox 1681 3984 1715 4043; x_wconf 83' lang='grc' dir='ltr'>τά</span> 
     </span>
     <span class='ocr_line' id='line_1_43' title="bbox 65 4045 1714 4155; baseline 0.004 -29"><span class='ocrx_word' id='word_1_627' title='bbox 65 4045 92 4081; x_wconf 51' lang='lat'>‘⁰</span> <span class='ocrx_word' id='word_1_628' title='bbox 107 4067 213 4135; x_wconf 87' lang='grc' dir='ltr'>δικαίως</span> <span class='ocrx_word' id='word_1_629' title='bbox 224 4067 330 4126; x_wconf 84' lang='grc' dir='ltr'>δύναται</span> <span class='ocrx_word' id='word_1_630' title='bbox 343 4068 391 4146; x_wconf 81' lang='grc' dir='ltr'>μὲν</span> <span class='ocrx_word' id='word_1_631' title='bbox 403 4069 449 4129; x_wconf 86' lang='grc' dir='ltr'>καί</span> <span class='ocrx_word' id='word_1_632' title='bbox 461 4068 524 4150; x_wconf 88' lang='grc' dir='ltr'>πρδς</span> <span class='ocrx_word' id='word_1_633' title='bbox 539 4070 570 4128; x_wconf 82' lang='grc' dir='ltr'>τὸ</span> <span class='ocrx_word' id='word_1_634' title='bbox 582 4069 738 4152; x_wconf 75' lang='grc' dir='ltr'>ἀπέρχονται</span> <span class='ocrx_word' id='word_1_635' title='bbox 753 4071 889 4149; x_wconf 76' lang='grc' dir='ltr'>λαμάάνε·</span> <span class='ocrx_word' id='word_1_636' title='bbox 932 4080 1039 4134; x_wconf 77' lang='grc' dir='ltr'>τοιαῦτα</span> <span class='ocrx_word' id='word_1_637' title='bbox 1051 4072 1265 4155; x_wconf 84' lang='grc' dir='ltr'>μηχανωμένους]</span> <span class='ocrx_word' id='word_1_638' title='bbox 1279 4073 1358 4151; x_wconf 89' lang='grc' dir='ltr'>ἡγουν</span> <span class='ocrx_word' id='word_1_639' title='bbox 1370 4072 1428 4141; x_wconf 80' lang='grc' dir='ltr'>τοὺς</span> <span class='ocrx_word' id='word_1_640' title='bbox 1438 4072 1607 4154; x_wconf 89' lang='grc' dir='ltr'>κακούργους.</span> <span class='ocrx_word' id='word_1_641' title='bbox 1618 4109 1658 4119; x_wconf 92' lang='lat'><em>-</em></span> <span class='ocrx_word' id='word_1_642' title='bbox 1668 4073 1714 4145; x_wconf 83' lang='grc' dir='ltr'>Μὴ</span> 
     </span>
     <span class='ocr_line' id='line_1_44' title="bbox 107 4155 1715 4246; baseline 0.002 -31"><span class='ocrx_word' id='word_1_643' title='bbox 107 4161 180 4228; x_wconf 89' lang='grc' dir='ltr'>σθαι,</span> <span class='ocrx_word' id='word_1_644' title='bbox 192 4155 297 4223; x_wconf 87' lang='grc' dir='ltr'>δικαίως</span> <span class='ocrx_word' id='word_1_645' title='bbox 315 4156 478 4236; x_wconf 81' lang='grc' dir='ltr'>ἐπέρχονται·</span> <span class='ocrx_word' id='word_1_646' title='bbox 496 4157 603 4217; x_wconf 87' lang='grc' dir='ltr'>δύναται</span> <span class='ocrx_word' id='word_1_647' title='bbox 618 4159 646 4218; x_wconf 79' lang='grc' dir='ltr'>δέ</span> <span class='ocrx_word' id='word_1_648' title='bbox 658 4160 704 4218; x_wconf 84' lang='grc' dir='ltr'>καί</span> <span class='ocrx_word' id='word_1_649' title='bbox 715 4159 779 4240; x_wconf 85' lang='grc' dir='ltr'>πρδς</span> <span class='ocrx_word' id='word_1_650' title='bbox 796 4160 827 4219; x_wconf 84' lang='grc' dir='ltr'>τὸ</span> <span class='ocrx_word' id='word_1_651' title='bbox 839 4185 888 4220; x_wconf 89' lang='grc' dir='ltr'>κα·</span> <span class='ocrx_word' id='word_1_652' title='bbox 933 4163 1012 4242; x_wconf 89' lang='grc' dir='ltr'>μόνον</span> <span class='ocrx_word' id='word_1_653' title='bbox 1027 4163 1203 4246; x_wconf 84' lang='grc' dir='ltr'>αὐτορόιρους]</span> <span class='ocrx_word' id='word_1_654' title='bbox 1215 4161 1255 4221; x_wconf 77' lang='grc' dir='ltr'>ἀπ’</span> <span class='ocrx_word' id='word_1_655' title='bbox 1271 4159 1415 4242; x_wconf 85' lang='grc' dir='ltr'>αύτορόιριρ</span> <span class='ocrx_word' id='word_1_656' title='bbox 1428 4161 1581 4238; x_wconf 81' lang='grc' dir='ltr'>λαμόάνων·</span> <span class='ocrx_word' id='word_1_657' title='bbox 1597 4160 1715 4240; x_wconf 79' lang='grc' dir='ltr'>χαλεπόν</span> 
     </span>
     <span class='ocr_line' id='line_1_45' title="bbox 106 4240 1715 4332; baseline 0.002 -30"><span class='ocrx_word' id='word_1_658' title='bbox 106 4242 279 4323; x_wconf 86' lang='grc' dir='ltr'>τεγνωκότες,</span> <span class='ocrx_word' id='word_1_659' title='bbox 295 4245 400 4312; x_wconf 89' lang='grc' dir='ltr'>δικαίως</span> <span class='ocrx_word' id='word_1_660' title='bbox 417 4246 619 4324; x_wconf 90' lang='grc' dir='ltr'>κατεγνωκότες.</span> <span class='ocrx_word' id='word_1_661' title='bbox 634 4275 665 4285; x_wconf 86' lang='grc'><strong>-</strong></span> <span class='ocrx_word' id='word_1_662' title='bbox 683 4247 765 4329; x_wconf 79' lang='grc' dir='ltr'>Παρθ</span> <span class='ocrx_word' id='word_1_663' title='bbox 781 4249 888 4329; x_wconf 89' lang='grc' dir='ltr'>γνώμην</span> <span class='ocrx_word' id='word_1_664' title='bbox 931 4250 983 4332; x_wconf 74' lang='grc' dir='ltr'>γάρ</span> <span class='ocrx_word' id='word_1_665' title='bbox 997 4251 1038 4309; x_wconf 75' lang='grc' dir='ltr'>ἀπ’</span> <span class='ocrx_word' id='word_1_666' title='bbox 1053 4249 1195 4331; x_wconf 78' lang='grc' dir='ltr'>αὐτοφώρῳ</span> <span class='ocrx_word' id='word_1_667' title='bbox 1210 4249 1280 4328; x_wconf 81' lang='grc' dir='ltr'>ἔχειν</span> <span class='ocrx_word' id='word_1_668' title='bbox 1295 4247 1395 4316; x_wconf 88' lang='grc' dir='ltr'>αύτούς.</span> <span class='ocrx_word' id='word_1_669' title='bbox 1407 4284 1447 4293; x_wconf 92' lang='grc'>-</span> <span class='ocrx_word' id='word_1_670' title='bbox 1464 4250 1516 4308; x_wconf 85' lang='grc' dir='ltr'>Καὶ</span> <span class='ocrx_word' id='word_1_671' title='bbox 1528 4240 1564 4317; x_wconf 68' lang='grc' dir='ltr'>ὧν</span> <span class='ocrx_word' id='word_1_672' title='bbox 1579 4248 1715 4329; x_wconf 88' lang='grc' dir='ltr'>βούλονται</span> 
     </span>
     <span class='ocr_line' id='line_1_46' title="bbox 106 4327 1755 4418; baseline 0.002 -28"><span class='ocrx_word' id='word_1_673' title='bbox 106 4330 301 4410; x_wconf 80' lang='grc' dir='ltr'>τολμήσαντας]</span> <span class='ocrx_word' id='word_1_674' title='bbox 316 4331 389 4413; x_wconf 72' lang='grc' dir='ltr'>παρὰ</span> <span class='ocrx_word' id='word_1_675' title='bbox 403 4332 451 4404; x_wconf 77' lang='grc' dir='ltr'>τὴν</span> <span class='ocrx_word' id='word_1_676' title='bbox 468 4333 543 4402; x_wconf 86' lang='grc' dir='ltr'>δόξαν</span> <span class='ocrx_word' id='word_1_677' title='bbox 556 4337 642 4393; x_wconf 84' lang='grc' dir='ltr'>αὐτῶν</span> <span class='ocrx_word' id='word_1_678' title='bbox 654 4335 845 4418; x_wconf 76' lang='grc' dir='ltr'>θαρρήσαντας.</span> <span class='ocrx_word' id='word_1_679' title='bbox 858 4371 889 4379; x_wconf 96' lang='grc'>-</span> <span class='ocrx_word' id='word_1_680' title='bbox 933 4338 992 4418; x_wconf 91' lang='grc' dir='ltr'>μέν]</span> <span class='ocrx_word' id='word_1_681' title='bbox 1008 4337 1061 4397; x_wconf 79' lang='grc' dir='ltr'>ἀπὸ</span> <span class='ocrx_word' id='word_1_682' title='bbox 1074 4343 1160 4397; x_wconf 78' lang='grc' dir='ltr'>κοινοῦ</span> <span class='ocrx_word' id='word_1_683' title='bbox 1171 4337 1201 4395; x_wconf 83' lang='grc' dir='ltr'>τὸ</span> <span class='ocrx_word' id='word_1_684' title='bbox 1215 4336 1343 4405; x_wconf 87' lang='grc' dir='ltr'>κολάζων.</span> <span class='ocrx_word' id='word_1_685' title='bbox 1357 4371 1397 4384; x_wconf 88' lang='lat'>--</span> <span class='ocrx_word' id='word_1_686' title='bbox 1406 4327 1466 4409; x_wconf 79' lang='grc' dir='ltr'>Ὧν]</span> <span class='ocrx_word' id='word_1_687' title='bbox 1487 4336 1564 4395; x_wconf 72' lang='grc' dir='ltr'>ἕνεκα</span> <span class='ocrx_word' id='word_1_688' title='bbox 1585 4335 1712 4407; x_wconf 89' lang='grc' dir='ltr'>δηλονότι.</span> <span class='ocrx_word' id='word_1_689' title='bbox 1728 4365 1755 4404; x_wconf 74' lang='lat'>⁴⁶</span> 
     </span>
     <span class='ocr_line' id='line_1_47' title="bbox 66 4420 1714 4516; baseline 0.003 -38"><span class='ocrx_word' id='word_1_690' title='bbox 66 4477 93 4516; x_wconf 66' lang='lat'>⁴⁵</span> <span class='ocrx_word' id='word_1_691' title='bbox 107 4421 155 4496; x_wconf 84' lang='grc' dir='ltr'>Τῷ</span> <span class='ocrx_word' id='word_1_692' title='bbox 174 4420 246 4478; x_wconf 85' lang='grc' dir='ltr'>ἀδοκ.</span> <span class='ocrx_word' id='word_1_693' title='bbox 266 4421 365 4496; x_wconf 80' lang='grc' dir='ltr'>μᾶλλον</span> <span class='ocrx_word' id='word_1_694' title='bbox 380 4420 455 4500; x_wconf 82' lang='grc' dir='ltr'>ἀν...]</span> <span class='ocrx_word' id='word_1_695' title='bbox 472 4425 571 4499; x_wconf 81' lang='grc' dir='ltr'>μᾶλλον</span> <span class='ocrx_word' id='word_1_696' title='bbox 591 4422 623 4482; x_wconf 84' lang='grc' dir='ltr'>ἀν</span> <span class='ocrx_word' id='word_1_697' title='bbox 637 4429 831 4505; x_wconf 86' lang='grc' dir='ltr'>καταπλαγεῖεν</span> <span class='ocrx_word' id='word_1_698' title='bbox 850 4432 889 4508; x_wconf 80' lang='grc' dir='ltr'>τῷ</span> <span class='ocrx_word' id='word_1_699' title='bbox 933 4463 973 4471; x_wconf 93' lang='grc'>-</span> <span class='ocrx_word' id='word_1_700' title='bbox 994 4425 1077 4505; x_wconf 83' lang='grc' dir='ltr'>Είπερ</span> <span class='ocrx_word' id='word_1_701' title='bbox 1100 4425 1146 4483; x_wconf 86' lang='grc' dir='ltr'>καί</span> <span class='ocrx_word' id='word_1_702' title='bbox 1167 4423 1204 4502; x_wconf 90' lang='grc' dir='ltr'>μὴ</span> <span class='ocrx_word' id='word_1_703' title='bbox 1224 4424 1453 4506; x_wconf 80' lang='grc' dir='ltr'>προρυλαξάμενός</span> <span class='ocrx_word' id='word_1_704' title='bbox 1472 4448 1510 4491; x_wconf 87' lang='grc' dir='ltr'>τις</span> <span class='ocrx_word' id='word_1_705' title='bbox 1531 4424 1714 4506; x_wconf 87' lang='grc' dir='ltr'>προπιίσεται]</span> 
     </span>
     <span class='ocr_line' id='line_1_48' title="bbox 108 4507 1715 4595; baseline 0.005 -33"><span class='ocrx_word' id='word_1_706' title='bbox 108 4507 313 4585; x_wconf 87' lang='grc' dir='ltr'>ἀπροςδοκήτους</span> <span class='ocrx_word' id='word_1_707' title='bbox 324 4513 394 4585; x_wconf 80' lang='grc' dir='ltr'>ἡμᾶς</span> <span class='ocrx_word' id='word_1_708' title='bbox 408 4510 495 4575; x_wconf 83' lang='grc' dir='ltr'>αὐτοῖς</span> <span class='ocrx_word' id='word_1_709' title='bbox 510 4510 710 4584; x_wconf 84' lang='grc' dir='ltr'>ἀντιτάξασθαι,</span> <span class='ocrx_word' id='word_1_710' title='bbox 722 4513 835 4595; x_wconf 79' lang='grc' dir='ltr'>ἡπερτῇ</span> <span class='ocrx_word' id='word_1_711' title='bbox 847 4517 889 4574; x_wconf 91' lang='grc' dir='ltr'>δυ-</span> <span class='ocrx_word' id='word_1_712' title='bbox 933 4514 1006 4594; x_wconf 86' lang='grc' dir='ltr'>είπερ</span> <span class='ocrx_word' id='word_1_713' title='bbox 1014 4513 1059 4572; x_wconf 81' lang='grc' dir='ltr'>καί</span> <span class='ocrx_word' id='word_1_714' title='bbox 1069 4513 1213 4593; x_wconf 81' lang='grc' dir='ltr'>πάσχειτις</span> <span class='ocrx_word' id='word_1_715' title='bbox 1224 4517 1311 4580; x_wconf 84' lang='grc' dir='ltr'>κακῶς</span> <span class='ocrx_word' id='word_1_716' title='bbox 1319 4512 1379 4594; x_wconf 80' lang='grc' dir='ltr'>πρὶν</span> <span class='ocrx_word' id='word_1_717' title='bbox 1391 4511 1514 4584; x_wconf 85' lang='grc' dir='ltr'>αἴσθηται</span> <span class='ocrx_word' id='word_1_718' title='bbox 1522 4512 1562 4572; x_wconf 92' lang='grc' dir='ltr'>άν.</span> <span class='ocrx_word' id='word_1_719' title='bbox 1571 4547 1611 4557; x_wconf 88' lang='grc'>-</span> <span class='ocrx_word' id='word_1_720' title='bbox 1623 4511 1715 4591; x_wconf 83' lang='grc' dir='ltr'>Ἐλέγ-</span> 
     </span>
     <span class='ocr_line' id='line_1_49' title="bbox 106 4591 1715 4683; baseline 0.005 -34"><span class='ocrx_word' id='word_1_721' title='bbox 106 4591 184 4668; x_wconf 87' lang='grc' dir='ltr'>νάμει</span> <span class='ocrx_word' id='word_1_722' title='bbox 202 4596 288 4670; x_wconf 79' lang='grc' dir='ltr'>ἡμῶν.</span> <span class='ocrx_word' id='word_1_723' title='bbox 308 4622 341 4633; x_wconf 95' lang='grc'><strong>-</strong></span> <span class='ocrx_word' id='word_1_724' title='bbox 358 4617 380 4654; x_wconf 90' lang='grc' dir='ltr'>ο.</span> <span class='ocrx_word' id='word_1_725' title='bbox 394 4597 500 4674; x_wconf 76' lang='grc' dir='ltr'>Ταῦτα]</span> <span class='ocrx_word' id='word_1_726' title='bbox 513 4598 542 4654; x_wconf 86' lang='grc' dir='ltr'>τδ</span> <span class='ocrx_word' id='word_1_727' title='bbox 560 4598 753 4680; x_wconf 78' lang='grc' dir='ltr'>ἀντεξορμῆσαι</span> <span class='ocrx_word' id='word_1_728' title='bbox 774 4603 817 4661; x_wconf 84' lang='grc' dir='ltr'>έπί</span> <span class='ocrx_word' id='word_1_729' title='bbox 831 4601 890 4670; x_wconf 84' lang='grc' dir='ltr'>τοίις</span> <span class='ocrx_word' id='word_1_730' title='bbox 933 4609 999 4682; x_wconf 87' lang='grc' dir='ltr'>χων]</span> <span class='ocrx_word' id='word_1_731' title='bbox 1014 4602 1094 4680; x_wconf 82' lang='grc' dir='ltr'>ήγουν</span> <span class='ocrx_word' id='word_1_732' title='bbox 1107 4604 1224 4683; x_wconf 80' lang='grc' dir='ltr'>ρανεριῖις</span> <span class='ocrx_word' id='word_1_733' title='bbox 1238 4599 1371 4660; x_wconf 85' lang='grc' dir='ltr'>δεικνύων.</span> <span class='ocrx_word' id='word_1_734' title='bbox 1384 4634 1424 4644; x_wconf 92' lang='grc'>-</span> <span class='ocrx_word' id='word_1_735' title='bbox 1436 4597 1621 4680; x_wconf 81' lang='grc' dir='ltr'>Ἐσκεψάμην]</span> <span class='ocrx_word' id='word_1_736' title='bbox 1634 4598 1715 4678; x_wconf 86' lang='grc' dir='ltr'>ήγουν</span> 
     </span>
     <span class='ocr_line' id='line_1_50' title="bbox 109 4679 1714 4769; baseline 0.004 -31"><span class='ocrx_word' id='word_1_737' title='bbox 109 4679 265 4750; x_wconf 81' lang='grc' dir='ltr'>Ἀθηναίους.</span> <span class='ocrx_word' id='word_1_738' title='bbox 285 4708 317 4718; x_wconf 91' lang='grc'>-</span> <span class='ocrx_word' id='word_1_739' title='bbox 342 4683 395 4742; x_wconf 78' lang='grc' dir='ltr'>Καὶ</span> <span class='ocrx_word' id='word_1_740' title='bbox 417 4689 585 4764; x_wconf 80' lang='grc' dir='ltr'>παραστῆναι</span> <span class='ocrx_word' id='word_1_741' title='bbox 607 4688 701 4768; x_wconf 83' lang='grc' dir='ltr'>παυτι]</span> <span class='ocrx_word' id='word_1_742' title='bbox 724 4688 798 4758; x_wconf 87' lang='grc' dir='ltr'>δόξαν</span> <span class='ocrx_word' id='word_1_743' title='bbox 822 4681 890 4750; x_wconf 79' lang='grc' dir='ltr'>εἶναι</span> <span class='ocrx_word' id='word_1_744' title='bbox 933 4689 992 4750; x_wconf 89' lang='grc' dir='ltr'>κατ’</span> <span class='ocrx_word' id='word_1_745' title='bbox 1004 4689 1117 4769; x_wconf 74' lang='grc' dir='ltr'>ἐμαυτὸν</span> <span class='ocrx_word' id='word_1_746' title='bbox 1131 4688 1175 4748; x_wconf 81' lang='grc' dir='ltr'>έπί</span> <span class='ocrx_word' id='word_1_747' title='bbox 1188 4689 1307 4756; x_wconf 89' lang='grc' dir='ltr'>συννοίας</span> <span class='ocrx_word' id='word_1_748' title='bbox 1321 4689 1406 4767; x_wconf 85' lang='grc' dir='ltr'>ἔσχον.</span> <span class='ocrx_word' id='word_1_749' title='bbox 1421 4688 1507 4748; x_wconf 90' lang='grc' dir='ltr'>-Τί</span> <span class='ocrx_word' id='word_1_750' title='bbox 1518 4688 1563 4746; x_wconf 85' lang='grc' dir='ltr'>καὶ</span> <span class='ocrx_word' id='word_1_751' title='bbox 1578 4687 1714 4767; x_wconf 88' lang='grc' dir='ltr'>βούλεσθε,</span> 
     </span>
     <span class='ocr_line' id='line_1_51' title="bbox 108 4766 1756 4859; baseline 0.005 -34"><span class='ocrx_word' id='word_1_752' title='bbox 108 4767 188 4826; x_wconf 81' lang='grc' dir='ltr'>παντί</span> <span class='ocrx_word' id='word_1_753' title='bbox 199 4768 338 4851; x_wconf 83' lang='grc' dir='ltr'>ἀνθρώπῳ.</span> <span class='ocrx_word' id='word_1_754' title='bbox 352 4803 384 4814; x_wconf 95' lang='grc'>-</span> <span class='ocrx_word' id='word_1_755' title='bbox 397 4772 437 4831; x_wconf 80' lang='grc' dir='ltr'>Τὸ</span> <span class='ocrx_word' id='word_1_756' title='bbox 449 4772 496 4849; x_wconf 84' lang='grc' dir='ltr'>μέν</span> <span class='ocrx_word' id='word_1_757' title='bbox 508 4785 681 4856; x_wconf 87' lang='grc' dir='ltr'>καταρρονεῖν</span> <span class='ocrx_word' id='word_1_758' title='bbox 697 4777 758 4846; x_wconf 81' lang='grc' dir='ltr'>τοὺς</span> <span class='ocrx_word' id='word_1_759' title='bbox 769 4780 890 4847; x_wconf 83' lang='grc' dir='ltr'>έπιόντας</span> <span class='ocrx_word' id='word_1_760' title='bbox 933 4766 956 4837; x_wconf 81' lang='grc' dir='ltr'>ἀι</span> <span class='ocrx_word' id='word_1_761' title='bbox 969 4776 1099 4859; x_wconf 89' lang='grc' dir='ltr'>νεώτεροι]</span> <span class='ocrx_word' id='word_1_762' title='bbox 1120 4776 1185 4857; x_wconf 81' lang='grc' dir='ltr'>πρὸς</span> <span class='ocrx_word' id='word_1_763' title='bbox 1198 4778 1242 4835; x_wconf 83' lang='grc' dir='ltr'>τὸν</span> <span class='ocrx_word' id='word_1_764' title='bbox 1259 4775 1444 4858; x_wconf 79' lang='grc' dir='ltr'>Ἑρμοκράτην</span> <span class='ocrx_word' id='word_1_765' title='bbox 1464 4776 1595 4835; x_wconf 86' lang='grc' dir='ltr'>ἀποτείνει</span> <span class='ocrx_word' id='word_1_766' title='bbox 1608 4775 1653 4835; x_wconf 84' lang='grc' dir='ltr'>τὸν</span> <span class='ocrx_word' id='word_1_767' title='bbox 1667 4776 1712 4834; x_wconf 85' lang='grc' dir='ltr'>λό-</span> <span class='ocrx_word' id='word_1_768' title='bbox 1729 4806 1756 4845; x_wconf 75' lang='lat' dir='ltr'><strong><em>w</em></strong></span> 
     </span>
     <span class='ocr_line' id='line_1_52' title="bbox 109 4853 1716 4945; baseline 0.007 -34"><span class='ocrx_word' id='word_1_769' title='bbox 109 4853 150 4932; x_wconf 79' lang='grc'>,..]</span> <span class='ocrx_word' id='word_1_770' title='bbox 166 4854 205 4912; x_wconf 87' lang='grc' dir='ltr'>δεῖ</span> <span class='ocrx_word' id='word_1_771' title='bbox 216 4854 275 4923; x_wconf 79' lang='grc' dir='ltr'>τοὺς</span> <span class='ocrx_word' id='word_1_772' title='bbox 288 4864 514 4941; x_wconf 73' lang='grc' dir='ltr'>καταφρονοῦντας</span> <span class='ocrx_word' id='word_1_773' title='bbox 527 4865 578 4919; x_wconf 83' lang='grc' dir='ltr'>τῶν</span> <span class='ocrx_word' id='word_1_774' title='bbox 592 4863 717 4923; x_wconf 77' lang='grc' dir='ltr'>ἐπιόντων</span> <span class='ocrx_word' id='word_1_775' title='bbox 730 4867 758 4925; x_wconf 87' lang='grc' dir='ltr'>έν</span> <span class='ocrx_word' id='word_1_776' title='bbox 770 4870 842 4926; x_wconf 83' lang='grc' dir='ltr'>αὐτῶ</span> <span class='ocrx_word' id='word_1_777' title='bbox 851 4871 890 4927; x_wconf 79' lang='grc' dir='ltr'>τῶ</span> <span class='ocrx_word' id='word_1_778' title='bbox 934 4887 1062 4945; x_wconf 80' lang='grc' dir='ltr'>γον.-σ.</span> <span class='ocrx_word' id='word_1_779' title='bbox 1070 4865 1106 4926; x_wconf 89' lang='grc' dir='ltr'><strong>Ὁ</strong></span> <span class='ocrx_word' id='word_1_780' title='bbox 1118 4864 1145 4923; x_wconf 80' lang='grc' dir='ltr'>δέ</span> <span class='ocrx_word' id='word_1_781' title='bbox 1157 4862 1235 4940; x_wconf 83' lang='grc' dir='ltr'>νόμος</span> <span class='ocrx_word' id='word_1_782' title='bbox 1247 4868 1276 4923; x_wconf 87' lang='grc' dir='ltr'>ἐκ</span> <span class='ocrx_word' id='word_1_783' title='bbox 1289 4870 1335 4923; x_wconf 81' lang='grc' dir='ltr'>τοῦ</span> <span class='ocrx_word' id='word_1_784' title='bbox 1348 4862 1385 4941; x_wconf 85' lang='grc' dir='ltr'>μὴ</span> <span class='ocrx_word' id='word_1_785' title='bbox 1398 4862 1565 4936; x_wconf 87' lang='grc' dir='ltr'>δύνασθαι...]</span> <span class='ocrx_word' id='word_1_786' title='bbox 1578 4864 1627 4924; x_wconf 75' lang='grc' dir='ltr'>όδὲ</span> <span class='ocrx_word' id='word_1_787' title='bbox 1637 4863 1716 4939; x_wconf 89' lang='grc' dir='ltr'>νόμος</span> 
     </span>
     <span class='ocr_line' id='line_1_53' title="bbox 69 4930 1715 5036; baseline 0.007 -38"><span class='ocrx_word' id='word_1_788' title='bbox 69 4932 97 4971; x_wconf 73' lang='lat'>⁵⁰</span> <span class='ocrx_word' id='word_1_789' title='bbox 110 4939 219 5022; x_wconf 87' lang='grc' dir='ltr'>πολέμῳ</span> <span class='ocrx_word' id='word_1_790' title='bbox 230 4943 317 5022; x_wconf 82' lang='grc' dir='ltr'>καίτῇ</span> <span class='ocrx_word' id='word_1_791' title='bbox 328 4944 386 5003; x_wconf 88' lang='grc' dir='ltr'>κατ’</span> <span class='ocrx_word' id='word_1_792' title='bbox 398 4946 475 5005; x_wconf 76' lang='grc' dir='ltr'>αὐτὸν</span> <span class='ocrx_word' id='word_1_793' title='bbox 489 4949 595 5030; x_wconf 73' lang='grc' dir='ltr'>ἀνδρεία</span> <span class='ocrx_word' id='word_1_794' title='bbox 607 4951 744 5031; x_wconf 78' lang='grc' dir='ltr'>φαίνεσθαι</span> <span class='ocrx_word' id='word_1_795' title='bbox 756 4930 890 5036; x_wconf 68' lang='grc' dir='ltr'>καταρρό-</span> <span class='ocrx_word' id='word_1_796' title='bbox 934 4955 1008 5027; x_wconf 80' lang='grc' dir='ltr'>έτέθη</span> <span class='ocrx_word' id='word_1_797' title='bbox 1024 4953 1067 5013; x_wconf 76' lang='grc' dir='ltr'>διὰ</span> <span class='ocrx_word' id='word_1_798' title='bbox 1080 4953 1110 5012; x_wconf 81' lang='grc' dir='ltr'>τὸ</span> <span class='ocrx_word' id='word_1_799' title='bbox 1126 4952 1301 5030; x_wconf 75' lang='grc' dir='ltr'>μὴδύνασθαι</span> <span class='ocrx_word' id='word_1_800' title='bbox 1317 4957 1385 5029; x_wconf 75' lang='grc' dir='ltr'>ὑμᾶς</span> <span class='ocrx_word' id='word_1_801' title='bbox 1399 4953 1505 5033; x_wconf 76' lang='grc' dir='ltr'>ἄρχειν,</span> <span class='ocrx_word' id='word_1_802' title='bbox 1521 4953 1629 5012; x_wconf 78' lang='grc' dir='ltr'>κωλύων</span> <span class='ocrx_word' id='word_1_803' title='bbox 1646 4954 1715 5030; x_wconf 78' lang='grc' dir='ltr'>μᾶλ-</span> 
     </span>
     <span class='ocr_line' id='line_1_54' title="bbox 109 5032 1715 5124; baseline 0.001 -29"><span class='ocrx_word' id='word_1_804' title='bbox 109 5032 215 5095; x_wconf 65' lang='grc' dir='ltr'>νθῧντας</span> <span class='ocrx_word' id='word_1_805' title='bbox 228 5033 280 5086; x_wconf 85' lang='grc' dir='ltr'>τῶν</span> <span class='ocrx_word' id='word_1_806' title='bbox 300 5033 432 5094; x_wconf 81' lang='grc' dir='ltr'>ἐναντίων.</span> <span class='ocrx_word' id='word_1_807' title='bbox 452 5034 526 5115; x_wconf 80' lang='grc' dir='ltr'>ἔργον</span> <span class='ocrx_word' id='word_1_808' title='bbox 545 5035 596 5117; x_wconf 72' lang='grc' dir='ltr'>γὰρ</span> <span class='ocrx_word' id='word_1_809' title='bbox 610 5041 741 5098; x_wconf 83' lang='grc' dir='ltr'>κάνταῦθα</span> <span class='ocrx_word' id='word_1_810' title='bbox 756 5042 802 5099; x_wconf 86' lang='grc' dir='ltr'>καί</span> <span class='ocrx_word' id='word_1_811' title='bbox 821 5044 891 5100; x_wconf 87' lang='grc' dir='ltr'>πολ·-</span> <span class='ocrx_word' id='word_1_812' title='bbox 934 5046 978 5102; x_wconf 92' lang='grc' dir='ltr'>λον</span> <span class='ocrx_word' id='word_1_813' title='bbox 993 5042 1061 5124; x_wconf 85' lang='grc' dir='ltr'>ἡπερ</span> <span class='ocrx_word' id='word_1_814' title='bbox 1075 5047 1110 5109; x_wconf 83' lang='grc' dir='ltr'>ὡς</span> <span class='ocrx_word' id='word_1_815' title='bbox 1124 5039 1283 5118; x_wconf 87' lang='grc' dir='ltr'>δυναμένους</span> <span class='ocrx_word' id='word_1_816' title='bbox 1298 5041 1441 5117; x_wconf 89' lang='grc' dir='ltr'>ἀτιμάζων.</span> <span class='ocrx_word' id='word_1_817' title='bbox 1459 5041 1530 5120; x_wconf 88' lang='grc' dir='ltr'>λέγει</span> <span class='ocrx_word' id='word_1_818' title='bbox 1544 5042 1572 5099; x_wconf 77' lang='grc' dir='ltr'>δέ</span> <span class='ocrx_word' id='word_1_819' title='bbox 1586 5041 1647 5122; x_wconf 83' lang='grc' dir='ltr'>περὶ</span> <span class='ocrx_word' id='word_1_820' title='bbox 1663 5044 1715 5098; x_wconf 86' lang='grc' dir='ltr'>τῶν</span> 
     </span>
     <span class='ocr_line' id='line_1_55' title="bbox 109 5115 1715 5211; baseline 0.006 -34"><span class='ocrx_word' id='word_1_821' title='bbox 109 5116 196 5193; x_wconf 65' lang='grc' dir='ltr'>λεχοῖ</span> <span class='ocrx_word' id='word_1_822' title='bbox 210 5115 254 5174; x_wconf 76' lang='grc' dir='ltr'>τὸν</span> <span class='ocrx_word' id='word_1_823' title='bbox 266 5117 380 5195; x_wconf 78' lang='grc' dir='ltr'>πολεμον</span> <span class='ocrx_word' id='word_1_824' title='bbox 396 5119 475 5200; x_wconf 83' lang='grc' dir='ltr'>λέγει.</span> <span class='ocrx_word' id='word_1_825' title='bbox 493 5153 525 5166; x_wconf 93' lang='grc'>·-</span> <span class='ocrx_word' id='word_1_826' title='bbox 538 5123 578 5185; x_wconf 84' lang='grc' dir='ltr'>Τδ</span> <span class='ocrx_word' id='word_1_827' title='bbox 596 5125 617 5183; x_wconf 92' lang='grc' dir='ltr'>δ’</span> <span class='ocrx_word' id='word_1_828' title='bbox 631 5125 723 5205; x_wconf 85' lang='grc' dir='ltr'>ἤδη...]</span> <span class='ocrx_word' id='word_1_829' title='bbox 740 5127 770 5186; x_wconf 88' lang='grc' dir='ltr'>τθ</span> <span class='ocrx_word' id='word_1_830' title='bbox 790 5129 836 5209; x_wconf 82' lang='grc' dir='ltr'>δὲ,</span> <span class='ocrx_word' id='word_1_831' title='bbox 855 5134 891 5190; x_wconf 81' lang='grc' dir='ltr'>ὡς</span> <span class='ocrx_word' id='word_1_832' title='bbox 935 5130 1009 5206; x_wconf 84' lang='grc' dir='ltr'>νέων,</span> <span class='ocrx_word' id='word_1_833' title='bbox 1023 5130 1063 5190; x_wconf 83' lang='grc' dir='ltr'>ότι</span> <span class='ocrx_word' id='word_1_834' title='bbox 1077 5129 1206 5211; x_wconf 81' lang='grc' dir='ltr'>εἴργονται</span> <span class='ocrx_word' id='word_1_835' title='bbox 1221 5133 1266 5200; x_wconf 78' lang='grc' dir='ltr'>τῆς</span> <span class='ocrx_word' id='word_1_836' title='bbox 1280 5131 1363 5210; x_wconf 75' lang='grc' dir='ltr'>ἀρχῆς</span> <span class='ocrx_word' id='word_1_837' title='bbox 1376 5127 1419 5187; x_wconf 68' lang='grc' dir='ltr'>διὰ</span> <span class='ocrx_word' id='word_1_838' title='bbox 1433 5128 1511 5206; x_wconf 87' lang='grc' dir='ltr'>νόμον</span> <span class='ocrx_word' id='word_1_839' title='bbox 1525 5131 1573 5188; x_wconf 83' lang='grc' dir='ltr'>οὐκ</span> <span class='ocrx_word' id='word_1_840' title='bbox 1585 5127 1715 5206; x_wconf 87' lang='grc' dir='ltr'>ἀτιμαζό-</span> 
     </span>
    </p>
   </div>
   <div class='ocr_carea' id='block_1_4' title="bbox 56 2196 85 2236">
    <p class='ocr_par' dir='ltr' id='par_1_4' title="bbox 56 2196 85 2236">
     <span class='ocr_line' id='line_1_56' title="bbox 56 2196 85 2236; baseline 0 0"><span class='ocrx_word' id='word_1_841' title='bbox 56 2196 85 2236; x_wconf 71' lang='lat'>2⁰</span> 
     </span>
    </p>
   </div>
   <div class='ocr_carea' id='block_1_5' title="bbox 165 3693 717 3828">
    <p class='ocr_par' dir='ltr' id='par_1_5' title="bbox 165 3693 717 3828">
     <span class='ocr_line' id='line_1_57' title="bbox 165 3693 717 3759; baseline 0 -17"><span class='ocrx_word' id='word_1_842' title='bbox 165 3695 233 3750; x_wconf 85' lang='grc' dir='ltr'>Τσῑος</span> <span class='ocrx_word' id='word_1_843' title='bbox 244 3694 289 3757; x_wconf 81' lang='grc' dir='ltr'>γὰρ</span> <span class='ocrx_word' id='word_1_844' title='bbox 297 3693 349 3750; x_wconf 87' lang='grc' dir='ltr'>νόος</span> <span class='ocrx_word' id='word_1_845' title='bbox 360 3694 422 3744; x_wconf 71' lang='grc' dir='ltr'>ἐστὶν</span> <span class='ocrx_word' id='word_1_846' title='bbox 432 3695 570 3758; x_wconf 70' lang='grc' dir='ltr'>ἐπιχθονίων</span> <span class='ocrx_word' id='word_1_847' title='bbox 580 3695 717 3759; x_wconf 77' lang='grc' dir='ltr'>ἀνθρώπων,</span> 
     </span>
     <span class='ocr_line' id='line_1_58' title="bbox 166 3763 424 3828; baseline 0.008 -16"><span class='ocrx_word' id='word_1_848' title='bbox 166 3763 216 3814; x_wconf 86' lang='grc' dir='ltr'>οῖον</span> <span class='ocrx_word' id='word_1_849' title='bbox 224 3763 262 3814; x_wconf 70' lang='grc' dir='ltr'>ἐπ’</span> <span class='ocrx_word' id='word_1_850' title='bbox 271 3764 334 3828; x_wconf 80' lang='grc' dir='ltr'>ἦμαρ</span> <span class='ocrx_word' id='word_1_851' title='bbox 343 3766 424 3828; x_wconf 75' lang='grc' dir='ltr'>ἀγησι.</span> 
     </span>
    </p>
   </div>
   <div class='ocr_carea' id='block_1_6' title="bbox 0 0 1861 5828">
    <p class='ocr_par' dir='ltr' id='par_1_6' title="bbox 0 0 1861 5828">
     <span class='ocr_line' id='line_1_59' title="bbox 0 0 1861 5828; baseline 0 0"><span class='ocrx_word' id='word_1_852' title='bbox 0 0 1861 5828; x_wconf 95' lang='lat' dir='ltr'> </span> 
     </span>
    </p>
   </div>
  </div>
 </body>
</html>
