3676 5828
194 297 231 352 οο
819 295 992 358 εοΗοιιΑ.
1009 300 1035 376 1,
1049 308 1165 362 ενοι.

193 416 319 488 σύνταξις·
338 419 383 479 καί
401 419 539 498 πολεμικοί
556 419 602 479 καί
613 420 732 482 εύόοολοι
750 423 887 502 γινόμεθα,
904 448 972 484 παι-,ι
1015 429 1175 510 συμμάχων.
1191 471 1222 485 -
1236 452 1258 493 ο.
1271 435 1307 495 O!
1324 432 1384 512 μέν]
1397 434 1477 515 ἤγουν
1487 440 1511 498 οί
1523 437 1680 521 σύμμαχοι.
1693 480 1726 494 ...
1738 447 1800 506 Au-

194 505 326 584 δευόμενοι
340 505 377 584 μή
391 507 504 585 νομίζειν
517 507 564 575 τάς
579 507 693 577 διανοίας
706 513 758 569 τῶν
770 510 851 579 πέλας
868 512 914 572 καί
928 512 974 582 τάς
1013 514 1185 596 πραξάμενοι]
1202 518 1286 580 ἰστέον
1302 519 1342 580 ότι
1355 522 1386 581 τὸ
1396 522 1542 584 ἀνύσασθαί
1552 549 1579 584 τι
1593 526 1672 608 παρά
1686 537 1742 599 τοῖς
1756 532 1800 615 θρ-

193 593 404 674 προςπιπτούσας
425 594 507 675 τύχας
532 594 623 673 ὁμοίας
644 587 709 655 εἶναι
733 597 803 680 λόγῳ
829 599 973 681 διαιρετὰς,
1013 625 1090 683 χουσι
1103 605 1297 687 διαπράξασθαι
1310 608 1481 688 λέγεταικαὶ
1494 613 1593 692 ὁμοίως
1603 614 1689 676 πάλιν
1703 617 1799 688 τδτοδς

192 679 251 738 ἀντὶ
267 683 327 754 τού,
346 683 396 761 οὐχ
408 684 444 748 ῶς
460 681 531 762 λόγῳ
548 681 667 759 λέγουσιν
685 686 709 742 οί
728 683 765 762 μὴ
781 687 974 755 σκοποῦντεςδ
1014 690 1144 771 ἄρχοντας
1155 695 1298 775 προςτάξαι
1310 706 1364 765 τοῖς
1376 698 1510 771 ὑπηκόοις.
1527 697 1719 785 -Ὗστιροη
1745 709 1799 767 ἄν..

51 803 57 816 .
165 767 245 841 οδεῖ,
262 767 330 827 οὕτω
347 767 393 836 τδς
411 767 493 848 τύχας
511 769 580 850 ἔχειν
600 771 831 851 ὑπολαμόάνομεν.
847 775 905 833 οὐδέ
922 773 973 855 γάρ
1012 777 1139 860 χώρησαν
1162 781 1292 853 δηλονότι.
1320 828 1353 843 -
1374 785 1608 868 Χρηματίσαντες]
1632 792 1816 874 χρημαςίςςιι

191 854 247 914 ἔστι
257 854 328 938 λόγῳ
342 856 448 915 διελθεῖν
461 856 495 916 τδι
509 857 637 935 μέλλοντα
650 859 701 919 ὑπὸ
716 859 798 940 τύχης
814 861 927 923 ἔσεσθαι.
942 901 974 915 ·-
1014 864 1062 943 μέν
1080 869 1136 927 ἐστι
1152 866 1183 926 τθ
1200 867 1315 949 πρᾶξαι,
1333 871 1550 953 χρηματίσασθαι
1567 875 1598 935 δέ
1616 877 1649 936 τδ
1665 881 1797 960 κερδᾶναι,

191 943 410 1022 Προςπιπτούσας
421 943 514 1024 τύχας]
527 944 680 1014 ἀποδόσεις.
694 983 724 997 -
736 948 883 1029 Διαιρετάς]
899 972 974 1031 φανε·
1013 954 1059 1013 καί
1077 954 1225 1032 σημείωσαι
1238 955 1286 1029 τήν
1300 958 1377 1027 λέξιν.
1393 1007 1424 1018 -
1442 979 1465 1020 σ.
1478 962 1641 1042 Διαγνῶμη]
1656 967 1795 1046 διέγνως

192 1029 246 1110 ρᾶς.
257 1050 319 1091 -⁴·
332 1029 435 1112 Ἒρῖῳ]
452 1032 657 1112 ἕμπθᾶκῗως.-
667 1032 721 1095 Καὶ
729 1039 776 1094 οὐκ
789 1034 816 1104 ἔξ
826 1035 972 1109 ἐκείνων...]
1013 1040 1059 1100 καί
1078 1042 1215 1124 διάκρισις.
1228 1043 1338 1116 ίδικὴδί
1355 1045 1421 1120 αὕτη
1434 1053 1451 1121 ἡ
1465 1047 1540 1118 λέξις.
1551 1087 1584 1098 -
1596 1051 1679 1114 Μετὰ
1692 1053 1728 1114 τὰ
1747 1058 1797 1118 Ε]-

190 1116 324 1199 πρδςτοὺς
334 1117 425 1196 λόγους
434 1123 480 1177 τοῦ
495 1119 630 1199 Κορινθίου
643 1119 792 1182 αἰνίττεται.
809 1161 840 1175 -
856 1122 930 1185 Πολύ
944 1147 973 1182 τε
1015 1126 1101 1201 όοῖκά]
1116 1130 1172 1207 μεθ’
1186 1129 1307 1190 δέλαόον
1322 1136 1346 1192 οί
1360 1133 1489 1206 Ἀθηναῖοι
1499 1136 1548 1209 τὴν
1560 1137 1693 1204 mom.

153 1218 178 1258 ¹0
192 1203 363 1288 διαφέρειν...]
388 1204 455 1265 πολύ
476 1229 504 1264 τε
526 1207 654 1288 διαφέρειν
679 1209 813 1289 άνθρωπον
837 1210 973 1293 ἀνθρώπου
1053 1217 1209 1278 LXXXIX.
1231 1221 1266 1278 01
1278 1218 1328 1300 γάρ
1345 1220 1485 1295 Ἀθηναῖοι]
1503 1224 1572 1305 ἀρχή
1591 1229 1641 1297 τῆς
1655 1249 1825 1301 mm

190 1294 220 1353 οὔ
242 1293 282 1352 δεῖ
300 1292 422 1370 νομίζειν,
436 1290 500 1361 ῶςτε
514 1293 613 1354 οἴεσθαι
629 1295 696 1354 πολὺ
712 1296 842 1379 διαφέρειν
860 1302 913 1366 τοῖς
926 1299 973 1357 λο-
1013 1302 1127 1371 ταετίας.
1143 1351 1175 1363 -
1190 1325 1212 1366 ο.
1229 1305 1339 1380 Ἐπειδὴ
1359 1310 1491 1388 Μῆδοι...]
1512 1313 1682 1390 θαυμάζεται
1700 1316 1731 1376 τδ
1747 1342 1797 1398 χω-

190 1380 302 1459 γισμοῖς·
321 1378 389 1438 ἀλλίι
407 1379 545 1460 κράτιστον
560 1388 651 1442 τοῦτον
663 1382 775 1460 νομίζειν
788 1384 875 1463 μόνον,
890 1385 917 1453 δς
931 1385 973 1459 δν,
1014 1387 1068 1467 ρίου
1079 1390 1125 1449 καὶ
1136 1391 1180 1451 ἐπί
1194 1397 1227 1471 τῇ
1239 1392 1367 1474 σαφηνείᾳ
1381 1394 1426 1453 καί
1441 1395 1485 1454 ἀπὶ
1500 1401 1534 1477 τῇ
1550 1400 1692 1484 συντομίφ.
1703 1449 1737 1463 ..,
1748 1406 1797 1466 Καὶ

190 1465 242 1526 ύπδ
256 1469 308 1526 τῶν
329 1467 419 1525 δεινῶν
437 1467 482 1526 καί
501 1472 553 1527 τῶν
572 1470 750 1551 περιστάσεων
768 1471 972 1550 παιδευόμενος,
1013 1476 1089 1535 ναυσί
1102 1478 1148 1536 καὶ
1161 1483 1242 1559 πεζῷ]
1257 1479 1326 1539 κατά
1340 1481 1413 1551 τάξιν
1432 1483 1550 1552 καὶτοὺς
1564 1487 1674 1566 ἀγῶνας
1689 1489 1797 1567 τέθεικε,

191 1553 307 1614 ἐπίνοιάν
323 1577 382 1614 τινα
401 1555 532 1637 σωτηρίας
556 1557 707 1638 πορίσηται.
727 1595 758 1604 -
778 1560 926 1641 Κράτιστον
944 1559 972 1619 δὲ
1013 1564 1089 1625 ναυσὶ
1106 1566 1152 1626 καί
1171 1572 1251 1648 πεζῷ.
1276 1569 1307 1628 τὸ
1327 1568 1355 1628 δέ
1376 1570 1427 1630 ύπδ
1450 1571 1598 1650 Ἑλλήνων,
1619 1580 1796 1654 θαυμασταθν

153 1662 177 1700 ιο
191 1636 302 1723 εἶναι...]
315 1642 453 1726 κράτιστός
471 1648 541 1719 ἐστι,
556 1645 644 1726 φησίν,
659 1646 724 1715 όςτις
738 1647 805 1726 μήτε
826 1658 891 1708 πᾶσι
906 1649 973 1727 μήτε
1013 1651 1099 1732 τάχα,
1113 1653 1143 1713 τδ
1154 1653 1213 1722 τούς
1230 1655 1350 1728 Μήδους,
1367 1658 1503 1728 τοσούτους
1522 1661 1616 1737 ὄντας,
1635 1665 1690 1726 ὑπὸ
1707 1677 1824 1749 μικρὰν

190 1732 251 1814 περὶ
264 1732 369 1791 πάντων
383 1731 514 1806 πείθεται,
529 1733 594 1814 περὶ
608 1733 636 1793 δέ
651 1734 736 1812 μόνων
755 1740 807 1794 τῶν
824 1737 973 1816 ἀναγκαίων
1012 1740 1102 1821 χώρας
1120 1741 1213 1810 αὐτοὺς
1237 1744 1410 1816 ἀπελαθῆναι.
1432 1786 1463 1798 -
1481 1749 1586 1822 Αὐτῶν]
1614 1754 1667 1810 τῶν
1689 1753 1794 1826 Μήδων.

190 1818 341 1879 παιδεύεται
361 1819 463 1878 ἀκούειν
487 1819 532 1879 καί
560 1823 612 1879 τῶν
637 1825 709 1903 αὐτῷ
733 1822 922 1905 προςηκόντων.
942 1862 974 1874 -
1013 1828 1171 1902 -Σηστόν]
1192 1830 1295 1902 Σηστδς
1308 1835 1325 1903 ἡ
1338 1831 1413 1900 πόλις
1422 1832 1527 1910 λέγεται
1539 1835 1584 1894 καί
1598 1839 1747 1919 ἀρσενικῶς
1755 1840 1795 1900 καί

190 1905 424 1984 Ἆναγναῑντᾶτθνς]
440 1906 682 1976 ὶπῑκῑνδννῦῑᾶῒονς.
1014 1917 1140 1987 θηλυκῶς.
1152 1957 1183 1967 -
1197 1916 1444 1997 Ἐπιχειμάσαντες]
1472 1920 1516 1980 τδν
1533 1928 1657 2002 χειμῶνα
1671 1924 1794 1988 διαδιδό-

229 1995 370 2056 LXXXV.
392 1991 502 2063 Ἔξεστι
521 1994 548 2054 δὲ
563 1996 670 2070 ἡμῖν...]
683 2002 766 2055 ταῦτα
784 1997 850 2079 πρὸς
863 1997 907 2056 τόν
924 2000 973 2058 Κο-
1013 2025 1114 2069 σαντες.
1134 2047 1165 2059 -
1187 2004 1376 2079 Ἐκλιπόντων]
1398 2007 1477 2085 ἤγουν
1499 2010 1707 2090 ἀφανισθέντων.
1730 2035 1793 2076 ..α
1818 2023 1820 2027 ’

151 2093 177 2132 ²⁰
191 2081 284 2162 ρίνθιον
303 2081 445 2141 αἰνίττεται
460 2087 474 2142 δ
491 2083 655 2163 Ἀρχίδαμος.
668 2123 698 2134 -
716 2083 767 2145 Διίι
784 2083 871 2164 ἰσχύν]
894 2086 926 2143 δι’
940 2085 972 2158 ἣν
1012 2086 1094 2149 Ὅθεν
1111 2089 1271 2164 ὑπεξέθεντο]
1285 2093 1417 2154 τουτέστιν
1435 2096 1464 2154 ἐκ
1477 2098 1619 2171 Τροιζῆνος
1635 2100 1682 2159 καί
1697 2104 1729 2161 ἐκ
1740 2105 1821 2168 ΣΗ

192 2172 287 2249 ἀχομεν
302 2169 388 2249 ἰσχύν·
404 2169 441 2249 μή
455 2195 512 2238 πως
528 2171 672 2252 φθάσαντες
689 2171 859 2250 ἀπολέσωμεν
875 2172 973 2246 ταύτην
1013 2179 1128 2254 λαμῖνος.
1140 2226 1172 2236 ..
1188 2179 1246 2251 Τὴν
1264 2187 1406 2261 περιοῦσαν
1423 2184 1602 2258 κατασκευήν]
1621 2185 1670 2259 τὴν
1691 2189 1793 2263 κινητήν

189 2258 222 2317 δι’
236 2258 370 2319 ἀδουλίαν.
385 2294 416 2304 -
427 2281 448 2320 2.
465 2258 546 2327 Δίκας
558 2262 657 2332 δοῦναι]
673 2261 780 2341 κρίσεις.
1013 2264 1276 2346 περιουσίαν-Τὴν
1285 2267 1372 2340 πόλιν]
1388 2270 1528 2343 διαστολὴν
1538 2271 1640 2342 πόλεως
1648 2275 1697 2335 καλ
1706 2282 1793 2356 τειχῶν

229 2347 390 2408 LXXXVI·
411 2345 480 2414 Τοὺς
494 2345 541 2424 μὲν
556 2346 647 2424 λόγους
657 2350 709 2405 τῶν
722 2349 838 2423 πολλῶν]
854 2349 972 2429 δημηγο·
1013 2351 1163 2424 ἐποιήσατο·
1175 2353 1221 2412 καί
1236 2353 1304 2414 έοικε
1319 2357 1479 2440 κυριωτέραν
1493 2363 1540 2430 τῆς
1553 2359 1657 2430 πόλεως
1671 2362 1721 2434 τήν
1731 2364 1793 2434 λέξιν

190 2432 233 2514 ρία
253 2430 424 2494 Σθενιλαίδου
444 2440 488 2493 τοῦ
504 2432 596 2515 ἐφόρου
610 2436 679 2493 κατὰ
699 2439 751 2494 τῶν
765 2436 906 2508 Ἀθηναίων
927 2437 973 2497 καί
1013 2441 1056 2499 έπί
1070 2444 1121 2500 τῶν
1136 2444 1223 2501 οἰκιῶν
1236 2441 1395 2520 λαμόάνειν.
1410 2492 1441 2504 ..
1451 2445 1553 2519 Οἰκίαι]
1568 2448 1627 2508 ἀντί
1642 2456 1690 2510 τοῦ
1701 2454 1792 2512 οἰκιῶν.

149 2525 234 2579 τετοῦ
253 2520 420 2600 Ἀρχιδάμου.
443 2519 518 2579 τὸδὲ
537 2527 583 2593 τῆς
602 2522 763 2602 δημηγορίας
781 2522 909 2602 σύντομον
926 2524 972 2584 καί
1012 2527 1135 2610 Ὅμηρος
1154 2537 1210 2601 [od.
1225 2542 1258 2604 Μ,
1271 2531 1318 2610 τι]
1801 2561 1821 2601 ι

189 2606 352 2668 Λακωνικόν·
372 2606 416 2667 διδ
435 2613 512 2667 τοῦτο
530 2606 655 2690 προοίμια
676 2611 723 2668 οὐκ
744 2609 809 2689 ἔχει.
831 2615 848 2688 §
866 2612 973 2686 Ταύτης
1107 2662 1137 2709 0!
1149 2660 1174 2710 ἃ
1185 2660 1233 2710 δύω
1245 2628 1381 2711 mm*

188 2698 235 2766 τῆς
247 2694 408 2778 δημηγορίας
423 2694 556 2774 μέμνηται
572 2695 743 2778 Πλούταρχος
759 2700 786 2755 ἐν
802 2699 855 2765 τοῖς
869 2700 970 2758 πολιτι-
1329 2699 1334 2711 “
1592 2745 1594 2750 -

150 2812 166 2862 ι,
189 2783 244 2851 κοῖς
264 2782 483 2864 παραγγέλμασιν
504 2784 540 2863 [p.
554 2804 607 2857 803,
627 2792 667 2856 Β]
691 2786 708 2863 §
728 2784 825 2846 ’ίστέον
846 2785 887 2844 ότι
903 2777 972 2858 ἦσάν
1051 2782 1111 2843 XC.
1132 2773 1232 2842 Ἦλθον
1246 2785 1273 2852 ές
1286 2782 1440 2864 πρεσύείαν]
1455 2782 1584 2866 γράφεται
1599 2785 1722 2848 άνευτοῧ
1742 2792 1791 2868 εἰς,

189 2895 255 2940 τινες
262 2871 336 2955 παρδι
346 2872 562 2950 Λακεδαιμονίοις
572 2873 704 2955 ἄρχοντες,
713 2872 757 2932 τὸν
768 2872 877 2956 ἀριθμὸν
885 2874 971 2949 πέντε,
1012 2868 1139 2950 πρννὸῑίᾳ
1152 2871 1266 2937 δοτννῶς.
1284 2901 1319 2911 ··
1331 2869 1440 2943 Μηδένα
1461 2880 1547 2951 ’τεῖχος
1567 2871 1676 2954 ἔχοντα]
1696 2877 1791 2957 ἀτείχι-

149 2983 176 3024 ao
189 2958 232 3028 οθς
243 2960 349 3041 ἐφόρους
355 2960 474 3032 ἐκάλουν,
489 2959 532 3019 διά
542 2960 573 3021 τδ
584 2964 678 3043 ἰφορᾷν
690 2959 724 3019 τδι
735 2965 782 3033 τῆς
793 2961 893 3030 πολεως
903 2964 972 3044 πρά·
1012 2955 1131 3037 στονγὰρ
1139 2954 1222 3037 ᾤκουν
1231 2955 1280 3028 τήν
1292 2956 1367 3016 πόλιν
1382 2960 1405 3017 οί
1418 2958 1629 3036 Λακεδαιμόνιοι.
1640 2998 1677 3012 -·-
1687 2983 1710 3022 ε.
1724 2967 1792 3024 Ξυν-

186 3071 286 3126 γματα.
299 3050 326 3106 ίν
341 3049 450 3128 διαδοχῇ
462 3047 489 3107 δέ
501 3039 696 3127 ἦσαν-Πρός
707 3047 766 3115 τοὺς
774 3048 890 3121 Μήδους]
903 3049 972 3108 κατὰ
1012 3043 1151 3122 ενεστήκει]
1180 3043 1317 3125 περίὸολοτ
1337 3044 1463 3117 δηλονότι.
1480 3076 1516 3088 ·-
1533 3044 1611 3107 Μετὰ
1635 3051 1722 3131 σφῶν]
1745 3056 1821 3136 τῶν,1

187 3139 240 3196 τῶν
256 3135 366 3207 Μήδων.
378 3173 408 3186 -
424 3134 521 3207 Κακοί]
540 3134 708 3215 κακότροπον.
726 3155 791 3196 ..κ
801 3132 911 3212 Ὅμοιοι
926 3136 971 3195 καί
1012 3129 1025 3153 *
1039 3131 1262 3209 Λακεδαιμονίων.
1279 3163 1312 3174 -
1332 3132 1372 3192 Τὸ
1389 3132 1436 3211 μέν
1456 3131 1627 3214 βουλόμενον]
1651 3139 1700 3196 οὐκ
1723 3129 1791 3198 εἶπεν

187 3224 246 3282 τότε
260 3221 431 3304 έλευθερωταλ
441 3226 489 3294 τῆς
502 3222 629 3289 Ἑλλάδος
641 3222 768 3292 δηλονότι.
782 3276 814 3287 -
828 3222 971 3295 Μελλήσο-
1012 3216 1115 3290 ἅπλῶς,
1130 3217 1179 3291 τὴν
1193 3218 1300 3298 γνώμην
1311 3222 1340 3278 οὗ
1353 3221 1505 3296 δηλοῦντες,
1519 3221 1588 3280 ἀλλὰ
1600 3221 1671 3298 μετόν
1681 3226 1793 3305 προεδή-

188 3316 246 3388 μεν]
268 3310 476 3391 ὑπερθησόμεθα.
496 3315 572 3368 τοῦτο
593 3309 658 3391 πρὸς
678 3309 836 3390 Ἀρχίδαμον
861 3309 969 3388 λέγοντα
1011 3326 1073 3377 xm,
1089 3303 1119 3363 τὸ
1133 3305 1289 3384 βουλόμενον
1298 3311 1345 3379 τῆς
1357 3305 1477 3385 γνώμης·
1492 3310 1519 3366 ἓν
1533 3309 1618 3391 φίλοις
1625 3308 1678 3391 γάρ
1693 3311 1792 3389 μόνον]

147 3430 174 3470 3η
188 3397 224 3477 [ο.
239 3398 277 3476 εν]
291 3401 327 3464 άις
346 3397 385 3456 δεῖ
399 3393 545 3478 βραδύνειν.
578 3437 586 3445 -
614 3397 650 3456 Οί
669 3395 691 3453 δ’
712 3395 799 3454 οὐκέτι
820 3396 969 3472 μέλλουσιν]
1010 3391 1102 3470 γνώμη
1118 3398 1287 3473 φανεροῦται,
1310 3395 1337 3452 έν
1351 3393 1379 3453 δὲ
1400 3403 1454 3461 τοῖς
1472 3395 1595 3463 ἐναντίοις
1617 3397 1664 3456 καί
1684 3398 1718 3458 τδ
1733 3403 1794 3460 δπο·

187 3483 365 3544 ὑπακουστέον
382 3482 413 3542 τδ
427 3481 532 3556 ἐπειδή,
545 3479 577 3540 ἵν’
590 3473 621 3562 ᾖ,
633 3481 722 3554 ἐπειδὴ
741 3480 829 3540 οὐκέτι
844 3481 968 3561 μέλλουσι
1011 3479 1149 3557 νοούμενον
1161 3479 1367 3561 ἀποκρύπτεται.
1381 3480 1424 3540 διά
1437 3480 1465 3541 δέ
1478 3487 1525 3542 τοῦ
1537 3481 1656 3545 ύπόπτοιι
1667 3484 1699 3545 τδ
1709 3510 1792 3570 κμιπ·
1802 3527 1822 3568 3

70 3641 71 3644 Ἴ
146 3617 149 3624 -
186 3576 275 3640 κακῶς
289 3570 411 3651 πάσχειν.
423 3569 516 3652 τδγδρ
529 3570 667 3648 μέλλουσιν
681 3575 728 3629 νῦν
742 3568 802 3650 οὐχί
818 3568 909 3652 ῶσπερ
926 3571 970 3631 ἐπί
1010 3564 1053 3624 τόν
1067 3571 1112 3638 τῆς
1126 3569 1212 3626 αὗτῶν
1232 3568 1364 3636 πολιτείας
1378 3568 1515 3645 Ϊσημαίνει.
1531 3609 1566 3619 -
1578 3570 1727 3655 Ἀφορμήν]
1744 3566 1792 3636 οἷον

186 3663 232 3720 τοῦ
247 3658 401 3741 βραδύνουσι
414 3657 525 3730 δεκτέον,
537 3657 596 3717 ἀλλ’
610 3657 654 3716 ἐπὶ
667 3663 713 3716 τοῦ
727 3655 850 3734 ἐσομένου
863 3656 968 3737 χρόνου.
1010 3653 1037 3721 έξ
1050 3645 1082 3726 ἧς
1094 3653 1246 3735 ὁρμῶμενός
1258 3678 1297 3722 τις
1311 3654 1432 3725 σώζεται.
1452 3694 1487 3704 -
1498 3677 1521 3718 ο.
1538 3657 1696 3740 Ἐπισχεῖν]
1710 3664 1792 3722 κωλῦ-

184 3791 217 3806 ..
228 3766 251 3808 ε.
266 3744 369 3813 Ἀλλοις
382 3743 534 3826 μὲνγὰρ...]
547 3749 631 3804 ταῦτα
642 3744 723 3803 πάλιν
735 3743 800 3825 πρδς
812 3743 969 3825 Ἀρχίδαμον
1010 3763 1065 3803 σαι.
1080 3775 1115 3785 -
1129 3740 1281 3824 Τειχίζειν]
1305 3744 1340 3809 είς
1354 3742 1401 3814 τήν
1416 3742 1552 3803 ἀνάκτισιν
1566 3749 1612 3804 τοῦ
1624 3744 1732 3826 τείχους
1747 3772 1792 3808 σο-

146 3851 174 3890 ιυ
186 3831 325 3905 ἀποτείνει,
334 3831 443 3910 λέγοντα
453 3833 487 3911 [ο.
500 3833 538 3912 εο]
547 3834 582 3898 ὡς
590 3829 711 3890 πλούσιοί
718 3833 781 3889 εἰσιν
794 3833 818 3890 οῖ
830 3830 968 3905 Ἀθηναῖοι.
1009 3828 1156 3909 νέρχεσθαι.
1173 3859 1209 3869 -
1228 3831 1336 3897 Παντας
1352 3831 1498 3910 πανδημεί]
1515 3830 1546 3890 τὸ
1561 3831 1679 3908 πάντας,
1699 3834 1790 3904 αὐτούς

184 3916 232 4001 όρα
247 3919 275 3979 δέ
291 3921 347 3985 πῶς
361 3917 452 4000 άψυχά
471 3940 530 3976 τινα
548 3916 593 3978 καί
614 3917 740 3996 ἀλόγιστα
759 3921 811 3984 τοῖς
827 3917 969 3991 Ἀθηναίοις
1009 3916 1055 3976 καὶ
1076 3925 1201 3996 γυναῖκας
1220 3916 1265 3974 καί
1280 3919 1388 3985 παῖδας·
1411 3917 1485 3978 τὸδὲ
1509 3920 1658 3997 πανδημεί,
1683 3923 1821 4000 μηδςνθςςη

185 4005 376 4088 ἐμαρτύρησεν.
388 4003 608 4084 -Τιμωρητέον]
620 4002 690 4072 άπαξ
701 4012 786 4064 κεῖται
796 4002 969 4088 ήλέξιςπαρδ
1009 4007 1036 4064 ἐν
1054 4013 1111 4071 ταῖς
1124 4003 1217 4071 οἰκίαις
1230 4004 1445 4082 ὑπολειπομένου.
1453 4006 1542 4074 -Ἐς
1550 4006 1580 4065 τδ
1592 4004 1682 4090 ἔργον]
1696 4012 1735 4078 εἰς
1747 4010 1792 4084 τήν

183 4096 222 4152 τῶ
238 4092 336 4176 ῥήτορι·
349 4095 378 4152 ού
392 4089 445 4173 χρὴ
461 4090 488 4151 δέ
499 4093 526 4151 έν
541 4095 579 4172 τῷ
590 4093 717 4174 πολιτικῷ
730 4091 801 4174 λόγῳ
818 4091 902 4170 λέγειν
920 4095 969 4152 αύ-
1008 4092 1101 4154 κτίσιν.
1112 4118 1144 4131 -
1157 4091 1262 4163 Πάντα]
1283 4091 1317 4149 τὰ
1329 4093 1539 4171 οἰκοδομήματα.
1553 4125 1589 4134 -
1602 4115 1624 4153 ο.
1637 4096 1793 4180 Προύφασί·

183 4156 240 4255 τήν.
254 4217 286 4229 -
304 4201 327 4243 ε.
349 4179 417 4248 Τοὺς
435 4176 577 4258 μέλλοντας
597 4180 706 4252 ἀδικεῖν]
726 4177 785 4246 τούς
808 4177 967 4251 Ἀθηναίους.
1008 4181 1082 4259 ζετο]
1100 4179 1186 4247 αἰτίας
1206 4179 1360 4260 προέτεινεν.
1377 4219 1408 4229 --
1429 4180 1602 4262 Ἔπίρχεται]
1624 4181 1792 4264 έπέρχεταιθ

144 4279 170 4319 ⁶⁵
183 4270 229 4329 καὶ
242 4274 327 4334 ταῦτα
341 4267 405 4349 πρδς
418 4266 575 4349 Ἀρχίδαμον
591 4272 623 4338 [ς.
641 4273 693 4339 νο]
1008 4266 1090 4340 ξένος,
1108 4267 1271 4348 παρέρχεται
1283 4270 1297 4324 δ
1317 4265 1433 4340 πολίτης.
1447 4269 1529 4345 ςθθκ
1549 4267 1689 4350 ἀκριόήςή
1704 4273 1793 4354 παρά-

222 4357 396 4422 LXXXVII.
419 4375 441 4417 ο.
455 4353 579 4434 Κρίνουσι
590 4353 640 4436 γάρ
656 4355 705 4434 βοῇ
716 4349 762 4413 καί
773 4353 803 4412 ού
814 4351 904 4435 ψήφῳ]
919 4351 967 4427 τήν
1006 4355 1105 4439 γραφή·
1120 4354 1197 4420 αὐτὸς
1208 4352 1259 4436 γάρ
1273 4352 1341 4413 ούτω
1352 4355 1474 4438 περὶτῶν
1487 4356 1627 4429 Ἀθηναίων
1639 4356 1712 4436 λέγει
1723 4386 1736 4412 ι
1749 4359 1792 4418 καί
1801 4389 1824 4430 ης

184 4443 318 4526 ἀποδοχὴν
331 4449 378 4504 τοῦ
389 4441 466 4523 λόγου
480 4444 510 4502 οὔ
522 4442 603 4525 Ι]ιήφῳ
616 4466 632 4500 κ
650 4441 746 4501 ίνουσιν
757 4442 781 4500 οἱ
796 4440 969 4525 Λακεδαιμόῇ
1007 4443 1179 4525 παρελθόντες
1190 4441 1288 4521 ἔλεγον.
1302 4469 1314 4493 ο
1327 4442 1365 4519 μή
1378 4443 1439 4503 ποτ’
1453 4434 1497 4503 ούν
1509 4443 1539 4502 τδ
1552 4443 1599 4521 μέν
1611 4447 1753 4527 παρελθεῖν
1763 4445 1793 4505 τδ

182 4556 233 4593 νιοι
245 4537 296 4592 τῶν
309 4529 457 4614 παρόντων,
472 4528 541 4590 ἀλλά
553 4534 611 4610 βοῇ·
624 4465 677 4590 άον
690 4528 707 4601 ἢ
720 4528 816 4596 πάντες
830 4532 935 4610 βοῶσιν,
948 4529 967 4602 ἢ
1008 4530 1102 4590 αὐτίκα
1115 4532 1202 4604 δηλοῖ,
1216 4528 1246 4589 τὸ
1261 4527 1288 4589 δέ
1303 4531 1420 4589 ἐπελθεῖν
1434 4528 1478 4605 τὸ,
1497 4529 1714 4610 ἀναόαλλόμενον
1732 4531 1791 4593 κατ’

182 4619 345 4701 ἡσυχάζουσί
356 4643 436 4693 τινες,
450 4615 517 4686 τινές
534 4616 561 4677 δέ
578 4620 683 4698 βοῶσιν,
697 4619 863 4685 ἐπαινοῦντες
877 4616 911 4676 τά
926 4620 966 4677 εί·
1007 4619 1104 4701 ἀρχάς,
1124 4617 1211 4699 χρόνῳ
1230 4623 1307 4678 τοῦτο
1322 4616 1524 4699 διαπράξασθαι.

143 4725 170 4764 σο
183 4703 293 4790 ρημίνα.
305 4755 338 4767 -
350 4705 444 4777 Δείξας
460 4731 486 4766 τι
501 4705 598 4788 χωρίον
617 4707 714 4778 αθτοῖς]
728 4704 759 4764 τδ
774 4704 832 4777 ἑξῆς
844 4709 892 4777 τῆς
905 4707 966 4765 δια·
1047 4706 1120 4767 XCI.
1139 4726 1162 4766 ο.
1180 4705 1371 4788 Παράγεσθαι]
1386 4707 1546 4765 ἀπατᾶσθαι.
1560 4742 1595 4754 -
1610 4703 1791 4788 Σκιψάμενοι]

181 4797 253 4866 νοίας
272 4795 369 4874 ούτοις,
384 4794 468 4869 ίλεξε,
487 4793 571 4864 δείξας
584 4818 611 4854 τι
630 4792 728 4874 χωρίον
748 4795 845 4860 αύτοῖς.
865 4793 895 4852 τδ
914 4792 966 4875 γάρ
1006 4792 1111 4867 ἰδόντες,
1118 4802 1171 4860 τοῖς
1178 4795 1320 4876 ὀφθαλμοῖς
1332 4792 1459 4863 δηλονότι.
1472 4812 1539 4852 -ιν
1548 4790 1823 4871 Ὡςῆκιστα]τδῶςω

183 4883 268 4954 δείξας
281 4905 307 4943 τι
320 4883 416 4967 χωρίον
431 4884 518 4950 αὐτοῖς
532 4881 597 4964 πρδς
614 4881 645 4941 τὸ
665 4879 745 4950 ἔλεξε.
759 4921 791 4931 -
808 4899 830 4940 ι.
845 4882 965 4954 Δοκοῖεν]
1007 4880 1065 4939 ἀντί
1079 4887 1125 4940 τοῦ
1137 4880 1226 4948 όντως.
1242 4915 1276 4925 -
1288 4878 1416 4959 Ἀύτοῆοί
1429 4877 1489 4961 περί
1503 4877 1547 4939 τδν
1558 4878 1791 4957 Θεμιστοκλέα..-

184 4970 284 5040 όδοξαν.
298 5017 329 5031 ..
340 4969 409 5039 Τοδς
424 4968 555 5036 πάντας...
566 4967 809 5050 παρακαλέσαντες]
826 4966 900 5046 μόνοι
914 4966 965 5050 γάρ
1007 4967 1177 5047 Ἀριστείδης]
1194 4966 1358 5046 ὁλεγόμενος
1372 4966 1478 5035 δίκαιος.
1497 4996 1531 5012 -
1546 4965 1790 5050 Ἀγγίλλοντες]τῷ

183 5061 207 5119 οί
229 5057 352 5140 πρέούεις
372 5060 495 5140 παρῆσαν
515 5056 560 5117 καί
578 5056 638 5137 οθχί
659 5054 731 5116 ἀπαν
747 5055 778 5116 τδ
794 5058 892 5130 πλῆθος
912 5059 965 5116 τῶν
1005 5057 1186 5134 Θεμιστοκλεῖ
1198 5055 1328 5157 δηλονότι.
1344 5090 1383 5101 -
1397 5053 1495 5116 Οὐκέτι
1507 5055 1620 5136 ἀφῶσιν]
1630 5054 1662 5115 τδ
1673 5051 1791 5136 ίξῆς,μι]
