3676 5828
177 337 219 388 γρ
696 323 866 386 SCHOLIA.
888 326 945 400 ΙΙΙ,
969 332 1189 408 115‚110.1V‚
1209 333 1317 397 1-8.

174 457 230 520 Καί
243 480 283 523 τις
298 454 375 514 αθτδν
389 453 509 535 ἤρετο...]
525 450 571 512 δύο
585 454 685 536 ἐρωτᾷ,
702 453 728 512 ἐν
744 452 801 532 μέν,
813 461 860 514 τοῦ
874 455 952 538 χάριν
995 482 1049 524 τον.
1070 499 1100 513 -
1121 463 1176 524 Καί
1204 464 1263 533 τοθς
1285 468 1447 541 Μεσσηνίους
1470 470 1583 541 οἰκείους
1603 472 1699 558 ὄντας]
1723 476 1784 540 lm

174 542 315 621 θαυμάζοι,
326 541 412 622 ἕτερον
427 540 468 614 δέ,
481 539 577 608 πόσους
590 540 671 600 οἴεται
682 546 734 600 τῶν
748 540 818 601 ἰδίων
830 544 955 614 τεθνηκέ-
995 546 1110 619 ἤκουσαν
1123 551 1168 609 καί
1185 554 1349 625 Μεσσηνίους
1357 556 1472 626 οἰκείους
1486 557 1565 627 ὄντας
1581 564 1660 621 αθτῶ
1673 569 1713 623 τῶ
1728 570 1783 640 Δη-

173 655 226 691 ναι.
241 629 327 711 ῶςπερ
337 627 483 710 δέὁκῆρυξ
493 631 539 687 οιίκ
550 628 608 707 ἤδει
621 629 680 709 περί
692 633 739 700 τῆς
748 628 837 711 τρίτης
851 630 954 711 μάχης,
996 635 1121 711 μοσθένει·
1139 637 1243 714 α’ίμεινον
1260 639 1303 713 δὲ,
1327 645 1399 726 αὐτῷ
1414 649 1452 727 τῷ
1472 647 1575 729 1⁰³pr·
1589 652 1616 709 o!
1640 622 1783 733 γχρνμή

174 718 256 784 οθτως
272 722 286 777 ὁ
300 720 403 798 ἐρωτῶν
417 719 465 775 οὐκ
478 715 609 786 ἠπίστατο
625 717 748 796 περὶτῶν
764 718 864 798 ἐνποίφ
879 718 954 799 μάχῃ
994 725 1041 778 τοῦ
1058 723 1240 800 Δημοσθένους
1258 729 1411 799 ἐληλυθότες
1434 734 1464 791 ἐκ
1481 735 1652 797 Ναυπάκτου
1672 739 1783 811 Μωαῆ.

151 803 352 864 σπεπτωκότων
373 807 386 862 ὁ
400 803 481 884 κῆρυξ
495 795 568 876 ἤκιν,
583 803 641 862 ἀλλ’
661 803 761 880 ἐνόμιζε
780 805 840 885 περί
862 811 914 865 τῶν
929 810 955 866 ἐν
995 829 1057 879 νιοι,
1071 820 1201 888 συγγενεῖς
1214 811 1284 880 ὄντες
1295 818 1347 883 τοῖς
1360 818 1421 899 περί
1432 818 1480 892 τῆν
1492 819 1584 881 Πάλον
1598 826 1704 884 οἰκοῦσι
1712 829 1804 891 1204

172 891 296 972 τῇτρίτῃ
312 891 386 971 μάχῃ
407 891 567 964 τεθνηκότων
582 890 743 963 ἐληλυθέναι.
766 931 799 941 -
819 912 840 951 ι.
853 892 955 953 Οὔκουν
996 893 1105 967 σηνίοις,
1119 898 1163 955 καί
1184 898 1314 981 ὁμόφωνοι
1327 912 1381 971 τοῖς
1394 908 1616 985 Λακεδαιμονίοις
1635 913 1781 991 τυγχάνον.

173 979 207 1038 τδι
224 979 294 1037 ὅπλα
311 979 387 1038 ταυτί
406 978 535 1059 φαίνεται]
555 976 640 1037 λείπει
657 977 687 1036 τδ
704 980 717 1006 *
732 979 870 1039 διακοσίων
890 973 955 1040 εἰναι
995 1004 1049 1054 τες,
1078 981 1196 1060 ἔμελλον,
1220 987 1368 1067 ὁρμώμενον
1395 995 1424 1052 ἐν
1451 997 1498 1065 τῆς
1532 994 1645 1071 Πύλου,
1673 1001 1781 1060 πλεῖαι

174 1067 269 1145 μόνων.
284 1101 324 1113 -
342 1065 376 1127 Ὁ
391 1068 413 1124 δ’
431 1065 599 1147 ἀπεκρίνατο]
617 1065 651 1124 τά
669 1064 738 1124 ὁπλα
760 1068 824 1126 εἰσὶν
841 1067 954 1150 ὑμέτερα
997 1067 1122 1146 βλάπτειν
1136 1069 1359 1150 τῆνλακωνικῆν,
1373 1081 1401 1138 ού
1415 1082 1673 1162 διαγιγνωσκόμενοι
1684 1085 1728 1146 διδ
1737 1088 1782 1160 ιῆν

174 1153 301 1226 δηλονότι.
316 1189 358 1200 --
371 1154 440 1214 Ἀλλ’
453 1158 530 1230 ἡμεῖς
544 1177 574 1230 γε
586 1154 669 1214 οὐδενί
688 1155 841 1234 ἐμαχόμεθα
859 1156 928 1236 χθές]
941 1161 956 1215 ὁ
995 1157 1153 1237 ὁμοφωνίαν,
1168 1159 1218 1218 εἴτε
1232 1162 1353 1241 πολέμιοί
1366 1169 1430 1226 εἰσιν
1441 1168 1493 1227 εἰτε
1505 1172 1608 1231 οἰκεῖοι.

138 1241 252 1324 ῑθκῆρυξ
275 1232 346 1300 εἶπεν
370 1239 423 1299 ἀπὸ
443 1246 594 1301 κοινοῶ.-
615 1240 669 1300 Καί
688 1239 784 1318 μὲνδὴ
808 1240 907 1310 τούτοις
925 1266 954 1323 γε
1035 1248 1082 1307 lv.
1106 1247 1252 1328 Κοινιθσας]
1279 1252 1331 1311 ἀπὸ
1364 1262 1450 1315 κοινοῦ
1480 1255 1511 1316 τὸ
1541 1261 1590 1318 οὐκ
1622 1259 1734 1322 ἔπειθεν.
1751 1285 1812 1325 -ιι

172 1335 258 1409 ἡμεῖς]
274 1328 326 1387 ἀπὸ
339 1333 439 1403 κοινοῦ,
456 1331 584 1408 ὁέρωτῶν
597 1319 663 1387 εἰπε.
995 1331 1227 1416 Ἐγχειρῆσαντες]
1241 1342 1331 1420 χεῖρας
1351 1340 1508 1424 ἐνθέντεςιῇ
1523 1346 1632 1426 πράξει.
1649 1389 1682 1398 -
1697 1370 1720 1409 2.
1735 1355 1779 1411 λι-

212 1418 299 1478 CXV.
323 1436 344 1475 3.
356 1418 413 1486 Τῆς
428 1416 455 1472 δέ
469 1414 603 1488 θαλάσσης
616 1415 717 1494 ὀλίγαις
728 1415 818 1475 ναυσὶν
833 1416 954 1496 εἰργόμε-
995 1422 1103 1501 θουργά]
1124 1422 1290 1507 λαξευτῆρια.
1306 1473 1337 1483 ..
1355 1430 1477 1509 Λογάδην
1498 1430 1526 1491 δέ
1546 1433 1673 1515 φέροντες
1690 1436 1781 1517 λίθοις]

172 1511 221 1576 νοι]
232 1507 256 1563 οἰ
270 1501 445 1584 Συρακούσιοι
456 1507 503 1574 τῆς
513 1502 647 1575 θαλάσσης
657 1503 706 1561 ὑπὸ
720 1503 814 1582 ὀλίγων
828 1508 891 1562 νεῶν
902 1507 954 1586 εἰρ-
995 1508 1145 1577 ἐπιλέκτως.
1157 1512 1236 1588 ἤγουν
1248 1515 1447 1595 ἐκλελεγμένους
1459 1520 1546 1588 λίθους
1556 1525 1580 1581 οἰ
1593 1522 1647 1599 μίν
1657 1525 1717 1592 mh<
1727 1527 1780 1584 ἕνῃ.

171 1591 291 1669 γόμενοι,
308 1594 360 1648 τῶν
379 1589 501 1650 Ἀττικῶν
516 1590 642 1661 δηλονότι.
657 1624 698 1636 —
710 1610 733 1649 ι.
750 1590 911 1664 Μελέτην...]
928 1596 954 1652 ἐν
994 1595 1120 1674 τυχόντας
1133 1599 1258 1670 ἤκουσαν·
1271 1602 1378 1680 ἄμεινον
1390 1606 1417 1664 δὲ
1434 1606 1493 1675 τοθς
1506 1608 1678 1682 ἐπιλέκτους,
1692 1615 1727 1680 ῶς
1739 1613 1781 1672 καί

138 1689 160 1728 ιο
170 1684 208 1759 τῷ
220 1679 330 1759 μελετᾷν
345 1677 390 1736 καί
405 1679 542 1736 ἀσκεῖσθαι
555 1677 585 1735 τὸ
598 1678 719 1737 ναυτικὸν
731 1678 882 1758 διατρίύειν.
996 1683 1089 1764 ἄνδρας
1098 1686 1220 1765 λογάδας.
1230 1698 1434 1770 τειχοποιοῦντες
1444 1694 1584 1778 γδρχωρίς
1596 1699 1727 1781 σιδηρίων
1738 1702 1782 1761 οἰκ
1792 1721 1812 1759 ιι

210 1769 310 1828 val.
331 1785 354 1827 υ.
369 1764 535 1847 Ξυνέγραψε]
551 1769 604 1824 τῶν
618 1769 653 1834 εἰς
672 1766 705 1844 ιγ’
721 1764 795 1832 τέλος
808 1771 854 1839 τῆς
873 1765 894 1824 ε’
909 1766 955 1825 καί
995 1770 1105 1848 ἔμελλον
1119 1773 1178 1841 τοὺς
1192 1776 1318 1855 τυχόντας
1331 1781 1466 1853 συνθήσειν
1480 1783 1580 1858 λίθους,
1596 1785 1665 1853 ὦςτε
1681 1787 1781 1855 ἀσθενὲς

173 1853 241 1936 ἀρχῆ
254 1854 346 1925 τῆςς’·
995 1860 1154 1939 ἐργάσασθαι
1175 1863 1205 1923 τὸ
1218 1870 1312 1945 τεῖχος·
1335 1869 1392 1926 ἀλλ’
1417 1869 1571 1951 ἐπελέγοντο
1601 1875 1712 1951 ὁμοίους
1732 1878 1781 1944 τοῖς

995 1948 1186 2026 εἰργασμένοις,
1203 1951 1336 2026 τουτέστι,
1350 1956 1531 2037 τετραπέδους.
1550 2004 1582 2014 ..
1602 1959 1658 2029 Ὧς
1673 1962 1780 2023 ἕκαστόν

993 2057 1019 2092 τι
1033 2033 1182 2115 ξυμόαίνοι]
1193 2036 1255 2097 ἐνιοι
1269 2039 1327 2098 άντί
1342 2047 1389 2101 τοῦ
1403 2045 1568 2125 παραπίπτοι
1578 2048 1630 2109 καὶ
1647 2072 1779 2131 παρατυγ-

132 2176 159 2216 20
415 2143 456 2204 IN
477 2144 626 2204 LIBRUM
647 2144 698 2204 lv·
994 2120 1079 2199 χάνοι·
1095 2121 1200 2201 ἄμεινον
1216 2125 1256 2200 δέ,
1271 2132 1305 2195 ὡς
1320 2127 1419 2189 ἕκαστα
1438 2129 1547 2209 ἐμελλον
1568 2135 1810 2215 συναρμόσεσθαικι

994 2207 1040 2266 καί
1054 2211 1237 2290 συμφωνῆσιιν
1250 2214 1315 2296 πρὸς
1333 2217 1469 2289 ἀλλήλους.
1482 2257 1513 2270 -
1530 2219 1598 2280 Ἐπί
1617 2227 1666 2280 τοῦ
1689 2221 1780 2302 νάπαι]

210 2322 230 2363 Ι.
253 2300 321 2382 Περί
337 2299 408 2360 σίτου
423 2299 545 2372 ἐκύολῆν]
557 2299 629 2359 σίτου
643 2297 755 2372 ἐκθολῆν
766 2298 814 2372 τῆν
826 2304 877 2360 τῶν
889 2325 955 2360 στα-
993 2299 1045 2354 τῶν
1061 2301 1119 2355 καθ’
1134 2298 1280 2379 ύπερύολῆν
1291 2303 1406 2381 ἐναργῶς
1418 2303 1561 2385 εἰρημένων
1573 2306 1636 2367 ἐστί
1653 2314 1739 2370 τοῦτο.
1750 2346 1778 2357 -

169 2389 242 2468 χύσιν
263 2391 293 2447 ἐκ
315 2392 367 2446 τῶν
385 2385 507 2446 καλύκων
527 2386 638 2464 γένεσιν.
664 2386 780 2468 ἐπιφέρει
799 2387 850 2469 γδιρ
874 2398 910 2461 [c.
929 2399 952 2463 α]
994 2402 1016 2443 ³.
1030 2382 1075 2443 T&
1087 2385 1291 2467 ἐπιμαχώτατα]
1303 2386 1337 2446 τίι
1351 2391 1533 2472 εθιπιχείρητα
1545 2401 1601 2460 τοῖς
1615 2395 1761 2473 πολεμίοις.

171 2504 182 2528 ι
198 2475 249 2535 θπὸ
269 2473 296 2534 δέ
310 2473 368 2541 τοὺς
381 2472 474 2541 αὐτούς
487 2473 594 2554 χρόνους
607 2477 653 2533 τοῦ
669 2466 738 2554 ἤρος.
751 2503 762 2528 υ
776 2466 837 2554 ἤρος
851 2475 878 2534 δὲ
889 2477 953 2536 στά-
1033 2473 1068 2533 V.
1090 2475 1125 2532 Οἰ
1138 2473 1176 2552 δέ]
1191 2477 1215 2533 οἰ
1234 2477 1489 2555 Λακεδαιμόνιοι...
1500 2482 1563 2559 Οθχ
1585 2483 1779 2559 θπομενώντας

170 2586 230 2642 χυες
250 2560 398 2644 ἐκφύονται.
417 2561 506 2640 ἤγουν,
526 2559 569 2619 ὅτε
588 2564 602 2619 ὁ
620 2561 719 2640 στάχυς
738 2563 952 2644 δημιουργεῖται,
994 2558 1071 2639 σφᾶς]
1086 2558 1259 2635 ἕνθλλιικται,
1272 2562 1329 2622 ἀντὶ
1342 2570 1388 2623 τοῦ
1401 2567 1451 2646 οθχ
1464 2566 1679 2645 ὑπομενούντων.
1787 2584 1808 2623 ιι

132 2670 158 2711 ει
169 2650 214 2710 καί
226 2650 276 2722 ἤδη
289 2648 468 2730 προόάλλεται
476 2693 485 2721 ,
502 2649 570 2728 ἔχων
585 2648 628 2706 τὸν
641 2648 735 2707 κόκκον
750 2654 795 2707 τοῦ
810 2649 881 2709 σίτου
893 2653 953 2710 δια·
1033 2646 1081 2706 Vl.
1105 2645 1154 2713 Ὧς
1166 2647 1291 2708 ἐπύθοντο
1304 2654 1351 2722 τῆς
1363 2651 1466 2731 Πύλου]
1480 2653 1565 2713 λείπει
1579 2660 1598 2728 ἤ
1613 2657 1687 2738 περί.
1700 2705 1732 2717 .,
1741 2656 1778 2720 Τδ

169 2735 359 2810 τετυπωμένον,
376 2734 449 2794 οὔπω
460 2736 488 2794 δέ
500 2737 536 2802 εἰς
549 2733 637 2813 ἀκμῆν
651 2735 827 2817 προαχθέντα.
846 2767 880 2776 -
897 2741 953 2799 Αθ-
992 2732 1052 2813 περί
1072 2731 1119 2805 τλν
1135 2735 1236 2814 Πύλον]
1252 2737 1334 2805 πάθος
1350 2740 1476 2811 δηλονότι.
1495 2780 1528 2792 -
1547 2739 1643 2824 Πρωί]
1664 2744 1719 2826 πρδ
1734 2751 1777 2805 τοῦ

169 2830 233 2899 τῶν]
253 2825 333 2906 ἤγουν
352 2828 402 2883 τῶν
415 2823 582 2894 Μεσσηνίων.
598 2858 640 2868 -
655 2843 676 2881 α.
691 2824 853 2904 Προςθολῆν]
872 2825 952 2905 ἤγουν
993 2817 1092 2887 δέοντος
1106 2827 1207 2902 καιροῦ.
1221 2863 1253 2875 -
1263 2824 1420 2896 Ἐσπαίνιζον
1431 2833 1477 2900 τῆς
1487 2833 1585 2911 τροφῆς
1595 2832 1654 2899 τοῖς
1663 2834 1777 2911 πολλοῖς]

169 2913 248 2974 τόπον
262 2912 472 2993 ἐπικαιρότατον,
492 2914 537 2992 ἀφ’
553 2902 583 2970 ού
601 2911 672 2970 ἐστιν
689 2910 799 2993 ἐξορμᾷν
818 2913 888 2972 κατὰ
905 2919 952 2986 τῆς
992 2907 1124 2967 τουτέστιν
1138 2912 1162 2967 οἰ
1184 2911 1277 2970 πολλοί
1292 2914 1378 2972 αὐτῶν
1396 2917 1445 2994 οὐχ
1457 2915 1550 2989 ίκανῆν
1567 2908 1643 2997 εἰχον
1672 2919 1776 3001 τροφλν,

169 3000 300 3068 Σικελίας.
315 3000 353 3060 Ἦ
365 2997 509 3081 προςόολῆν
523 2998 580 3057 άντί
594 3005 640 3058 τοῦ
652 2999 819 3080 προςόρμισιν
834 3000 879 3059 καί
891 2999 952 3082 ἐφο-
993 2985 1062 3074 ιίχον
1077 2995 1171 3055 σπάνιν
1185 3002 1289 3079 τροφῆς.
1302 3038 1334 3050 -
1344 3002 1412 3083 Περὶ
1425 3002 1473 3074 τῆν
1488 3007 1686 3078 καθεστηκυῖαν
1697 3003 1777 3090 ῶραν]
1786 3017 1807 3057 ιι

130 3106 157 3147 σο
168 3088 211 3146 δον
224 3091 271 3158 τῆς
285 3084 450 3158 Σικελίας,ἣ
465 3085 528 3167 πρὸς
539 3085 587 3157 τῆν
599 3085 732 3145 Σικελίαν.
746 3121 781 3130 -
790 3086 829 3146 Τὸ
842 3088 949 3168 χωρίον]
991 3082 1051 3163 περί
1074 3083 1122 3154 πλν
1146 3087 1301 3147 ἐνεστῶσαν.
1317 3125 1349 3137 -
1369 3110 1390 3149 ε.
1412 3090 1601 3173 Βραχυτάτην]
1629 3097 1658 3153 ἐν
1681 3095 1778 3174 ὀλίγαις

167 3173 247 3253 ἤγουν
261 3174 308 3245 τὴν
321 3173 474 3246 Μεσσῆνην.
488 3209 529 3220 -
542 3173 589 3242 Ἐξ
606 3177 686 3233 αὐτοῦ
699 3173 856 3253 ὁρμώμενοι]
871 3176 950 3254 ἤγουν
990 3169 1110 3250 ἡμέραις·

167 3265 202 3329 ὡς
215 3262 367 3344 ὁρμητηρίῳ
381 3261 521 3342 χρώμενοι.
535 3297 577 3308 -
588 3259 677 3342 Σφίσι]
689 3263 742 3328 τοῖς
752 3263 947 3342 Συρακουσίοις.
1031 3260 1094 3320 Vll.
1117 3258 1171 3319 Καί
1184 3263 1236 3319 τῶν
1251 3262 1336 3343 ἐκείνῃ
1351 3262 1497 3344 ξυμμάχων
1515 3264 1629 3350 πλῆθος]
1648 3268 1696 3329 καί
1712 3272 1775 3329 πολ-

167 3384 207 3395 —
220 3349 377 3427 Βουλόμενοι
392 3347 604 3429 ἀμφοτέρωθεν...
618 3356 689 3421 κατ]
713 3349 829 3417 θελοντες
849 3354 873 3408 οἱ
892 3356 948 3412 Ao·
991 3343 1050 3412 λοθς
1060 3350 1112 3405 τῶν
1126 3349 1181 3406 ἐκεῖ
1194 3347 1350 3430 ἰνμμέχων.
1541 3362 1547 3372 ’

167 3437 223 3518 κροί
242 3437 423 3518 ἀμφοτέρωθεν
437 3438 642 3514 καταπολεμεῖν.
660 3437 843 3519 ἀμφοτέρωθεν
858 3436 885 3497 δέ
903 3438 950 3497 λέ-
1031 3435 1106 3495 Vlll.
1129 3439 1191 3495 Τῶν
1211 3437 1361 3516 περιοίκων]
1382 3441 1465 3498 αὐτῶν
1486 3444 1536 3499 τῶν
1554 3442 1618 3523 περί
1637 3443 1688 3516 τλν
1705 3443 1805 3504 πόλινι

127 3541 153 3582 νο
167 3548 221 3603 γει,
235 3524 265 3584 ἐκ
273 3548 302 3584 τε
311 3530 357 3596 τῆς
368 3529 415 3603 γῆς
426 3527 537 3601 ἑαυτῶν,
546 3529 592 3595 τῆς
601 3523 739 3604 Λοκρίδος,
752 3524 796 3582 καί
808 3528 838 3583 ἐκ
852 3526 950 3584 θαλάσ-
991 3520 1137 3581 οἰκούντων.
1152 3559 1192 3568 —-
1206 3544 1228 3584 ε.
1243 3528 1299 3586 Τοῦ
1312 3526 1423 3609 χωρίου]
1441 3532 1487 3600 τῆς
1504 3529 1609 3592 Πύλου.
1625 3567 1669 3577 -
1687 3552 1712 3594 ι.
1727 3532 1775 3594 Καὶ

166 3635 222 3684 σης.
235 3647 276 3657 --
288 3630 310 3671 υ.
323 3609 384 3671 Ἵνα
400 3608 437 3687 μῆ
450 3611 632 3683 ἐπιθοηθῶσιν]
648 3615 672 3670 οἰ
686 3610 804 3690 Ῥηγῖνοι
817 3611 947 3684 δηλονότι.
991 3612 1018 3667 αἰ
1034 3607 1081 3686 μὲν
1095 3612 1165 3690 νῆες]
1179 3614 1205 3670 αἰ
1219 3610 1271 3670 δύο.
1284 3647 1322 3658 -
1337 3636 1360 3674 ι.
1375 3613 1471 3683 Ὅπως
1485 3614 1522 3692 μὴ
1537 3607 1570 3696 ᾖ]
1585 3617 1661 3686 ὅπως
1678 3621 1719 3697 μὴ
1735 3622 1774 3679 θν-

67 3723 68 3728 *
165 3735 206 3747 -
220 3700 275 3760 Καί
288 3699 443 3772 ἐπετίθεντο]
461 3703 485 3759 οἰ
500 3701 597 3780 λοκροί
611 3708 666 3767 τοῖς
680 3699 824 3778 Ῥηγίνοις,
839 3699 883 3759 διὸ
901 3700 949 3773 ιῆν
989 3694 1066 3753 νατὸν
1080 3695 1197 3774 γένηται.
1212 3734 1252 3767 -,-
1270 3698 1304 3759 ‘H
1319 3698 1370 3781 γδιρ
1386 3706 1463 3774 νῆσος
1477 3708 1494 3774 ἡ
1507 3704 1712 3787 Σφακτηρία...]
1729 3706 1775 3788 τρὸ

166 3787 253 3847 αἰτίαν
271 3786 378 3859 ταύτην,
395 3786 436 3846 ὁτι
456 3788 617 3856 ἐστασίαζον.
637 3824 677 3835 -
694 3808 717 3848 ι.
736 3787 892 3869 Δῃώσαντες
911 3790 947 3864 δε]
989 3788 1034 3842 τοῦ
1058 3783 1162 3861 λιμένος
1181 3789 1227 3858 τῆς
1247 3784 1338 3845 Πύλου
1359 3789 1496 3869 πρόκειται
1515 3795 1594 3862 νῆσος
1620 3795 1774 3876 Σφακτηρία

165 3873 213 3948 «ἢν
225 3879 273 3954 γῆν
285 3879 337 3935 τῶν
351 3874 490 3956 Ῥηγίνων,
501 3911 543 3923 ...
553 3876 701 3950 Ἐντεῦθεν]
715 3878 767 3937 ἀπὸ
776 3883 825 3950 τῆς
839 3879 948 3950 Μεσσή.
990 3870 1078 3948 ἐγγὺς,
1095 3872 1139 3929 καί
1159 3872 1202 3930 διὸ
1218 3879 1294 3932 τοῦτο
1308 3874 1390 3947 αθτῆν
1404 3876 1570 3955 ἐπικειμένην
1585 3879 1671 3959 λέγει.
1686 3882 1733 3941 δύο
1752 3879 1804 3940 δέιι

126 3976 154 4016 ⁴0
165 3987 218 4036 ,ηρ
990 3957 1032 4015 διὰ
1042 3957 1089 4029 τλν
1100 3963 1178 4030 νῆσον
1186 3959 1284 4037 γίνεται
1296 3960 1415 4040 στόματα
1423 3969 1468 4021 τοῦ
1482 3962 1602 4041 λιμένος,
1615 3965 1634 4023 δ
1648 3966 1775 4035 διέςπλους

204 4055 240 4113 11.
262 4051 331 4113 Ὑπὸ
350 4048 378 4111 δὲ
391 4050 450 4119 τοὺς
468 4050 560 4119 αὐτοὺς
580 4051 697 4132 χρόνους]
718 4052 798 4132 ἤγουν
814 4052 883 4112 κατὰ
904 4053 948 4112 τὸν
989 4046 1133 4122 ὠνόμασεν.
1146 4039 1182 4105 ὧν
1197 4048 1335 4125 στομάτων
1345 4049 1374 4108 τὸ
1386 4048 1433 4127 μὲν
1445 4050 1521 4130 ἐγγὺς
1532 4053 1617 4123 αὐτῆς
1629 4059 1678 4127 τῆς
1688 4054 1774 4117 Ham

165 4138 243 4199 αθτὸν
259 4139 359 4220 ἐαρινὸν
370 4138 473 4221 χρόνον.
488 4170 523 4180 -
542 4159 563 4198 3.
578 4139 698 4213 Τούτοις]
718 4142 770 4207 τοῖς
784 4146 947 4221 στρατηγοῖς.
990 4133 1077 4192 στενόν
1093 4137 1171 4208 ἐστιν,
1183 4134 1245 4203 ὅςτί
1257 4135 1331 4213 μόλις
1347 4137 1392 4196 δύο
1406 4139 1518 4220 τριήρεις
1535 4138 1592 4217 ἅμα
1606 4144 1732 4218 εἰςπλεῑν,
1747 4142 1774 4203 fo

171 4228 271 4289 —Kdz
288 4227 458 4310 Κερκυραίων
473 4228 541 4306 ίίμα]
559 4228 705 4309 περιττδςὸ
724 4227 778 4288 καί.
792 4264 832 4274 -
854 4232 949 4309 Παρα-
989 4223 1011 4278 δ’
1023 4221 1108 4301 ἕτερον
1118 4221 1288 4303 πλατύτερον,
1298 4224 1361 4292 ῶςτε
1373 4226 1441 4285 ὀκτὼ
1451 4226 1577 4286 δύνασθαι
1587 4231 1706 4312 τριήρεις
1722 4232 1774 4306 ἅμα

165 4317 303 4397 πλέοντας]
317 4316 346 4375 τὸ
364 4317 421 4388 ἐξῆς
442 4309 484 4389 ἤν,
495 4315 700 4396 παραπλέουσιν·
718 4314 786 4374 ἀλλὰ
803 4316 948 4393 μεταόάσει
990 4311 1116 4368 &Wlffl-
1130 4345 1170 4354 ···
1180 4331 1201 4368 ι·
1215 4311 1270 4371 Καί
1282 4312 1358 4391 ἐγγὺς
1372 4310 1535 4396 ἕπιιιῑιμένη]
1550 4319 1597 4388 ῖῆς
1615 4319 1709 4380 Πύλου
1723 4343 1771 4378 πσ-
1782 4334 1803 4372 ιι

126 4429 152 4470 ⁴5
165 4405 297 4485 ἐγρῆσατο
311 4405 363 4464 ἀπὸ
375 4406 477 4475 δοτικῆς
492 4404 536 4463 ἐπὶ
555 4403 710 4475 αἰτιατικῆν.
728 4439 758 4448 -
776 4406 905 4485 Τιμωροί]
924 4408 959 4463 οἱ,
990 4397 1140 4477 ριιιιῑιμένιι·
1162 4432 1202 4441 -
1219 4419 1240 4458 ⁷·
1262 4398 1357 4472 Βῦἰην]
1373 4400 1479 4481 ἀθρόως·
1498 4393 1551 4461 οἷον
1574 4404 1705 4482 βύσαντες
1723 4413 1775 4474 ταῖς

166 4473 373 4565 Πελοποννήσιοι
394 4492 523 4564 δηλονότι.
542 4527 573 4537 -
595 4509 617 4552 4.
637 4489 715 4552 Ὀντι
735 4489 838 4571 ἰδιώτῃ]
858 4493 946 4570 ἤγουν,
988 4486 1065 4543 νιινσί
1078 4484 1121 4543 τὸν
1134 4486 1251 4552 ἷςιιλῡνν·
1264 4486 1319 4545 ἐστι
1330 4491 1401 4569 ῥῆμα
1412 4489 1506 4567 §dona
1516 4493 1657 4573 ἇνριιλίζω
1667 4495 1714 4555 καί
1724 4494 1776 4576 βύω

165 4579 213 4649 ἐξω
227 4581 282 4640 όντι
296 4583 387 4660 ἀρχῆς.
522 4576 528 4587 ’
988 4572 1018 4630 τὸ
1027 4573 1057 4604 ⁴²*
1068 4573 1184 4653 φράττω.
1196 4608 1237 4618 -
1249 4573 1377 4654 Κλῆσειν]

204 4671 254 4730 ἰίἰ.
276 4666 412 4746 Ἐγένοντο
421 4666 552 4745 πλέοντες]
564 4667 644 4745 ἤγουν
657 4665 829 4746 παρεγένοντο
839 4669 861 4726 οἰ
872 4667 948 4739 Ἀθη·
1390 4719 1394 4728 .

165 4757 242 4816 ναῖοι.
256 4790 288 4799 -
302 4753 497 4834 Ἀντιλεγόντςνιν
514 4755 554 4832 δέ]
575 4758 626 4812 τῶν
642 4759 797 4833 στρατηγῶν
818 4754 946 4827 δηλονότι.
1050 4775 1162 4837 κλῇθρον,
1177 4776 1352 4838 „mmmmm
1364 4775 1457 4839 Ἀπνχῷ
1467 4776 1556 4840 τρόπῳ,

126 4867 152 4902 ινι
166 4880 193 4893 -
214 4840 293 4902 Κατὸ
313 4840 408 4922 τύχην]
422 4842 491 4901 κατά
510 4866 536 4900 τι
558 4840 724 4919 συμύεύηκὸς
744 4842 866 4922 τυχηρόν.
880 4877 911 4886 -
924 4862 945 4900 2.
1049 4846 1147 4899 Τίέτίον
1156 4850 1244 4907 φρονῶν
1254 4851 1299 4902 πᾶς
1309 4851 1357 4901 τοῖς
1368 4845 1444 4907 λόγοις
1454 4849 1608 4910 πεπεισμένος
1782 4857 1804 4897 ιι

165 4931 205 4992 Τὁ
216 4930 324 5010 χοιρίον]
338 4910 368 4989 τὸ
379 4931 535 5011 περίμετρον
555 4935 601 5001 τῆς
624 4930 724 4990 ἰίύλου.
741 4975 772 4988 ..
786 4930 849 4991 ’ίέπί
863 4929 947 5012 τούτῳ
1049 4913 1172 4976 &Pomm
1182 4916 1209 4964 θ’)
1219 4914 1344 4978 Υέάίῑίαίι
1355 4915 1403 4964 ἀλλ’
1416 4915 1461 4975 ἦτα
1471 4916 1551 4978 μόνον’

164 5018 227 5097 γάρ]
241 5017 320 5092 ἤγουν
334 5017 409 5076 ἕνεκα
424 5023 469 5077 τοῦ
488 5022 658 5097 τειχισθῆναι.
671 5047 702 5060 -
716 5020 893 5099 3.·Δαπανᾷν]
912 5022 947 5086 εἰς
1049 4986 1566 5120 Ξᾞὲξῗ]λὲἶῆξγξζῖἱζξζξῖῖξεφᾞψς

165 5103 283 5176 δαπάνην
298 5104 449 5182 ἐμόάλλειν.
460 5143 491 5156 -
502 5106 632 5188 Διάφορόν
645 5107 682 5185 τι]
693 5105 848 5180 ἐπιίῆδειον,
861 5110 946 5186 κρεῒτ-
1049 5126 1071 5174 οἳ
1082 5126 1109 5175 τὸ
1119 5125 1202 5184 σνόςνς
1213 5132 1274 5190 φῶς,
1286 5129 1317 5183 ὡς
1326 5128 1353 5176 τὸ
1361 5132 1409 5190 φῶς
1419 5129 1475 5190 φασι
1486 5126 1588 5189 σκότος,
