3676 5828
771 310 1189 389 scnom.v11,⁶e-⁶1.
1688 325 1738 378 m

144 456 184 534 τῷ
198 449 351 533 πράγματι,
364 451 402 529 τῷ
416 445 573 524 μεταόαλεῖν
587 444 705 516 δηλονότι
721 443 768 515 τήν
780 443 923 516 πολιτείαν,
966 443 1142 516 δηλονότι.-
1151 442 1263 522 Ἀνάγκη
1274 443 1321 521 μίν
1336 447 1366 504 έκ
1378 449 1423 503 τοῦ
1434 447 1578 525 εὐπρεποῦς
1592 447 1636 526 ...]
1647 446 1745 527 ῑλεγον,

145 538 304 619 προςήγοντο
318 534 348 594 δν
363 537 387 593 οί
410 533 526 616 διάφοροι
540 533 635 599 αὐτοῖς1
647 534 700 600 τοῖς
723 532 873 603 Ἀθηναίοις.
894 535 923 591 ού
968 532 1054 613 φησίν,
1066 531 1092 599 ἐξ
1101 531 1217 608 ἀνάγκης
1225 534 1382 604 ἀκολουθεῖν,
1388 531 1421 591 ἵν’
1428 533 1559 614 εὐπρεπής
1571 537 1745 613 άπολογισμδς

145 624 285 701 δυνάμενοι
305 621 332 681 δὲ
353 619 407 679 οὔτ’
427 624 457 680 ἐκ
478 619 641 698 μεταύολῆς,
657 620 745 691 ἐπειδὴ
769 624 784 691 ή
806 618 872 691 αὐτή
892 611 924 690 ῆν
969 621 1055 685 αὐτοῖς
1068 611 1099 699 ᾖ·
1111 621 1161 698 οὐχ
1173 610 1254 690 ήσσον
1271 621 1298 677 δέ
1315 620 1480 698 βουλόμενοι,
1493 625 1561 702 ήπερ
1573 621 1599 690 ἐξ
1611 623 1744 700 ἀνάγκης,

147 711 277 792 έκατέριον
287 707 520 781 πολιτεία,ούτ’ἐκ
529 712 695 788 παρασκευῆς
704 709 794 787 πολλῷ
802 707 925 784 μείζονος,
969 706 1084 777 εἵποντο,
1099 704 1142 763 διὰ
1158 706 1206 777 τήν
1226 707 1368 788 Κορινθίων
1380 708 1485 788 ἔχθραν.
1500 743 1540 755 --
1551 731 1572 769 ιι.
1585 709 1664 768 Κατὰ
1681 710 1744 785 ξυμ-

119 824 133 865 ε
147 799 187 859 ὁτι
198 799 244 858 καῖ
256 796 352 864 ίππους
365 796 410 854 καὶ
420 801 482 861 ναῦς
493 786 563 874 εἶχον
577 797 669 853 ἐκεῖνον
681 794 776 871 ὁμοίοις
786 799 838 861 τοῖς
852 795 927 863 ’Λθη-
970 794 1051 873 φορὰν
1063 793 1203 872 ἐμάχοντο]
1214 792 1346 873 ξυμφορὰν
1364 795 1423 873 ἄρτι
1435 794 1482 866 τήν
1495 796 1578 873 φυγήν
1589 796 1676 874 λέγει,
1690 796 1745 870 ὁτι,
1760 815 1774 854 σ

147 886 236 952 ναίοις.
254 885 284 948 τὰ
301 884 372 956 έξῆς,
390 886 419 944 ού
441 882 578 960 δυνάμενοι
593 885 738 959 ἐπενεγκεῖν
761 880 790 939 τό
805 880 926 961 διάφορον
970 881 1081 962 φυγάδες
1092 880 1175 950 ὄντες,
1185 882 1237 947 τοῖς
1247 880 1390 959 ξυγγενέσιν
1401 882 1538 962 έμάχοντο.
1551 917 1590 929 -
1601 904 1622 942 υ.
1637 885 1691 944 Καί
1702 891 1748 956 τῆς

148 976 245 1039 αὐτοῖς.
259 1006 300 1018 ·-
315 973 412 1053 Πολλῷ
426 970 572 1050 κρείσσους]
591 969 675 1027 λείπει
696 969 726 1026 τὸ
743 968 822 1033 ὄντες.
838 972 855 1044 §
870 967 927 1026 ἀντί
971 969 1132 1049 παραυτίκα]
1144 972 1191 1038 τῆς
1204 967 1273 1026 κατὰ
1287 968 1316 1026 τὸ
1330 968 1446 1035 ἐνεστώς.
1459 1004 1498 1015 -
1512 969 1596 1031 Οὐδέν
1610 964 1691 1042 ῆσσον
1705 972 1748 1031 διὰ

148 1067 195 1122 τοῦ
208 1059 364 1141 κρείσσονες.
384 1092 426 1104 -
439 1059 536 1138 Πολλῷ
551 1055 582 1127 δή
598 1057 710 1134 μᾶλλον]
725 1055 778 1114 ἀπὸ
799 1061 883 1114 κοινοῦ
898 1053 928 1112 τδ
971 1056 1072 1136 κέρδος]
1091 1055 1233 1137 παροιμία·
1249 1054 1399 1135 Πιπράσκει
1420 1056 1469 1115 δ’ὁ
1487 1057 1566 1124 κακὰς
1584 1059 1671 1117 πάντα
1685 1059 1748 1140 πρὸς

149 1151 178 1209 lv
188 1147 267 1208 παντί
279 1146 311 1218 δν]
326 1145 438 1222 ἀθυμίας
452 1136 531 1216 ήσαν.
972 1142 1103 1223 ἀργύριον.
1125 1148 1170 1201 τοῦ
1192 1144 1434 1222 Καλλιμάχου.,-
1454 1165 1487 1205 ιο.
1505 1149 1599 1227 Μισθῷ
1614 1147 1659 1206 καί
1679 1140 1749 1207 οὗτοι

111 1262 138 1300 ιο
190 1238 265 1297 LVI.
286 1230 543 1312 2.*Καθυπέρτερα]
553 1234 604 1290 τῶν
614 1228 927 1308 Ἀθηναίων-Φάδου]
972 1229 1130 1307 πεισθέντες]
1152 1222 1229 1301 ἦλθον
1245 1230 1312 1306 μετὰ
1333 1235 1385 1288 τῶν
1406 1230 1554 1303 Ἀθηναίων.
1569 1269 1610 1279 -
1631 1236 1749 1311 Ξυγκτί-
1765 1258 1790 1297 ιο

151 1322 204 1382 άπὸ
217 1345 245 1403 φ.
260 1326 307 1393 τῆς
319 1320 435 1386 δουλείας
445 1317 486 1389 δή.
501 1353 542 1362 -
554 1314 736 1395 ’Λπολύεσθαι]
750 1315 879 1398 φύσεσθαι.
890 1350 930 1360 -
973 1320 1080 1396 σαντας]
1093 1318 1149 1376 ἀντὶ
1159 1324 1205 1376 τοῦ
1217 1316 1378 1396 ξυγκτίσασι.
1388 1353 1423 1364 -
1441 1339 1474 1378 ιι.
1485 1320 1532 1380 Ἐν
1541 1320 1682 1402 τοιαύταις]
1692 1323 1740 1395 ήτο

150 1410 205 1473 Τδν
217 1409 323 1490 ύστερον
337 1405 574 1487 έπενεχθηοόμενον
585 1404 699 1481 πόλεμον
711 1404 835 1480 ἐνεγκεῖν]
850 1400 929 1479 ήγουν
973 1414 1030 1472 ταῖς
1054 1407 1254 1486 μισθοφορικαῖς.
1268 1440 1309 1449 -
1329 1403 1414 1486 Οίπερ
1436 1408 1610 1486 ἐπηγάγοντο]
1634 1410 1736 1469 luem&

152 1498 283 1575 ἀντισχεῖν
294 1495 358 1575 πρὸς
372 1493 417 1565 οὖν
429 1493 535 1572 ὕστερον
548 1491 662 1569 πόλεμον
677 1489 808 1558 δέξασθαι»
823 1525 863 1533 -
872 1491 930 1548 Ᾱῦ·
974 1517 1061 1552 σαντο.
1073 1493 1131 1560 τοὺς
1144 1491 1298 1563 Ἀθηναίους.
1311 1528 1351 1537 -
1365 1491 1441 1552 Κατὰ
1453 1495 1589 1574 διαφοράν]
1605 1495 1709 1577 ἔχθραν.

152 1585 216 1663 τῶν]
237 1584 316 1661 ἤγουν
329 1586 377 1652 τῆς
395 1603 423 1638 τε
435 1579 580 1660 ἐλευθερίας
601 1582 652 1636 τῶν
670 1576 807 1648 Ἑλλήνων
821 1574 866 1634 καί
885 1580 931 1633 τοῦ
1014 1583 1116 1641 LVssl.
1139 1577 1325 1660 Συρακουσίοις
1343 1578 1425 1658 δὲ...]
1447 1581 1590 1658 κατάλογος
1603 1587 1654 1640 τῶν
1673 1586 1750 1642 ἐθνῶν

113 1694 139 1733 ιε
154 1673 340 1748 ἀπαλλαγῆναι
353 1672 399 1727 τοῦ
411 1666 502 1748 φόὸου.
514 1701 554 1711 --
567 1687 589 1726 ι.
606 1664 682 1744 Μέγα
698 1663 775 1746 μέρος
787 1663 931 1744 προκύψαν
975 1668 1020 1727 καί
1035 1672 1087 1726 τῶν
1103 1667 1204 1726 πόλεων
1217 1671 1268 1726 τῷν
1288 1666 1546 1746 συμμάχ[ησαντ]ων
1564 1671 1752 1750 Συρακουσίοις
1767 1688 1792 1729 ιο

154 1759 207 1837 τες]
229 1756 287 1815 ἀντὶ
305 1761 350 1814 τοῦ
374 1752 511 1836 προκοπήν
532 1754 649 1832 μεγάλην
666 1757 705 1834 τῷ
718 1755 833 1833 ναυτικῷ
848 1749 932 1830 στολῳ
975 1754 1044 1814 κατὰ
1061 1754 1215 1825 Ἀθηναίων·
1235 1755 1407 1834 Συρακόσιοι,
1425 1758 1616 1836 Καμαριναῖοι,
1637 1760 1752 1839 Γελῷοι,

153 1844 345 1927 παρασχόντες·
363 1841 481 1901 τουτέστι
494 1840 592 1908 πολλὰς
605 1847 668 1908 ναῦς
682 1844 768 1907 αὐτοῖς
779 1837 933 1920 παρασχόν·
977 1842 1163 1914 Σελινούντιοι,
1176 1841 1321 1923 Ἱμεραῖον,
1335 1842 1453 1914 Σικελοί,
1465 1843 1683 1920 Λακεδαιμόνιοι,
1701 1849 1755 1906 Κο·

153 1956 197 2000 τες
211 1935 247 1999 είς
259 1929 306 1999 τὰς
327 1929 484 2009 ναυμαχίας.
502 1928 534 2001 ἣ,
548 1929 583 1996 ὥς
602 1952 682 2001 τινες,
697 1928 740 1986 ἐπὶ
765 1925 833 2004 μέγα
855 1928 881 1983 ἐν
895 1930 933 2006 τῷ
977 1929 1080 2011 ρίνθιοι,
1095 1929 1248 2002 Λευκάδιοι,
1267 1929 1478 2009 Ἀμπρακιῶται,
1493 1931 1626 2008 Ἀρκάδες,
1647 1932 1754 1992 Σικυώ·

154 2022 270 2098 ναυτικῷ
293 2017 480 2098 προκύ]αντες.
502 2051 542 2060 -
557 2036 579 2074 ι.
594 2015 660 2076 Ἐπί
683 2015 746 2093 μίαν
766 2015 854 2092 πολιν]
864 2012 933 2072 κατὰ
976 2040 1038 2087 νιοι,
1055 2016 1173 2076 Βοιωτοί.
1196 2051 1236 2060 -
1258 2015 1470 2097 Ἡσυχαζόντων]
1493 2016 1545 2076 ἀπὸ
1566 2025 1611 2077 τοῦ
1634 2019 1753 2096 πολέμου

116 2139 144 2179 20
156 2115 220 2185 μιᾶς
238 2105 339 2171 πόλεως
358 2109 410 2163 τῶν
431 2106 617 2184 Συρακουσῶν.
631 2137 671 2149 -
694 2101 769 2173 Πλήν
787 2125 818 2180 γε
839 2100 871 2171 δὴ
889 2107 933 2160 τοῦ
978 2104 1137 2183 ἀπεχόντων.
1161 2138 1200 2152 --
1218 2123 1241 2163 ο.
1265 2104 1320 2163 Καί
1345 2107 1369 2162 οί
1397 2104 1546 2185 αὐτόνομοι]
1570 2107 1752 2184 δημοκρατού-
1768 2124 1795 2162 κο

156 2193 238 2271 ξύμπ.
254 2193 293 2271 ...]
308 2191 378 2262 πλὴν
389 2191 439 2250 ὅσα
451 2193 574 2263 συνῆλθεν
587 2188 646 2261 ἔθνη
657 2191 721 2271 πρὸς
731 2188 879 2261 Ἀθηναίους
889 2187 934 2245 καί
979 2214 1060 2269 μενοι.
1080 2225 1121 2236 --
1139 2189 1220 2251 Ὅσοι
1243 2189 1280 2267 μὴ
1306 2190 1468 2270 ἀφέστασαν]
1491 2196 1542 2250 τῶν
1565 2194 1752 2273 Συρακουσίων

158 2278 377 2357 Λακεδαιμονίους
399 2281 426 2337 έν
446 2291 525 2337 παντί
546 2279 612 2359 τῷδε
633 2282 670 2359 τῷ
684 2276 807 2356 πολέμῳ·
823 2275 892 2347 πλήν
905 2298 935 2353 γε
979 2277 1104 2351 δηλονότι.
1122 2311 1163 2324 -
1181 2276 1373 2357 Νεοδαμιίνὸεις]
1397 2279 1574 2356 Νεοδαμῶδης
1593 2284 1607 2337 ὁ
1625 2280 1754 2362 ἐλεύθερος

156 2374 203 2429 τοῦ
226 2366 371 2444 ξύμπαντος
389 2365 467 2444 λόγου
486 2365 520 2424 τὰ
537 2369 563 2425 έν
585 2366 664 2424 παντί
685 2366 751 2446 τῷδε
770 2366 808 2444 τῷ
827 2363 935 2443 πολέμῳ
978 2364 1051 2448 παρὰ
1064 2374 1117 2433 τοῖς
1131 2365 1353 2442 Λακεδαιμονίοις.
1367 2408 1405 2418 -
1423 2365 1499 2425 Κατὰ
1514 2367 1543 2425 τδ
1563 2366 1690 2447 ξυγγενές]
1704 2373 1754 2427 τῶν

157 2453 222 2537 πρός
236 2477 264 2511 τε
284 2451 332 2524 τήν
346 2454 398 2510 τῶν
412 2450 553 2523 ’Λθηναίων
567 2452 613 2510 καί
628 2450 842 2528 Λακεδαιμονίων
859 2449 935 2507 πόλιν
981 2453 1174 2534 Συρακουσίων.
1189 2488 1229 2498 -
1242 2473 1263 2512 ι.
1284 2452 1361 2513 Κατὰ
1378 2452 1479 2531 πάντα]
1494 2454 1590 2521 παντδς
1602 2456 1697 2534 γένους.

118 2570 146 2610 ις
159 2541 329 2602 συνελθόντα·
343 2537 478 2616 τουτέστι,
488 2541 602 2597 πλεῖστα
617 2537 676 2611 ἔθνη
687 2538 747 2619 περί
760 2540 936 2618 Συρακουσῶν
1020 2543 1096 2602 le.
1118 2563 1140 2602 ε.
1158 2540 1247 2602 Καλόν
1270 2539 1420 2618 ἀγώνισμα]
1436 2540 1544 2612 ἔνδοξον,
1559 2541 1698 2623 συμφέρον.
1717 2576 1757 2590 -
1770 2555 1797 2595 ειν

159 2627 298 2708 μαχόμενα
320 2617 396 2701 ήλθε,
418 2626 487 2697 πλήν
505 2649 535 2703 γε
550 2625 581 2698 δὴ
602 2627 631 2684 οὗ
653 2633 785 2703 τοσαῦτα,
801 2623 850 2683 ὅσα
874 2623 938 2704 πρὸς
981 2649 1003 2688 ³.
1021 2628 1076 2688 Καί
1098 2628 1183 2706 ὀλίγον
1197 2628 1237 2705 ...]
1259 2626 1289 2685 τδ
1303 2627 1372 2698 ἑξῆς,
1387 2628 1432 2685 καὶ
1454 2627 1538 2706 ὀλίγον
1553 2629 1625 2688 οὐδὲν
1640 2629 1758 2690 ἐπενόουν

160 2714 308 2787 Ἀθηναίους
324 2712 370 2774 καί
380 2713 445 2795 πρδς
457 2713 678 2791 Λακεδαιμονίους
696 2711 885 2794 προςενεμήθη.
898 2745 938 2756 -
981 2719 1016 2782 ὡς
1030 2715 1111 2787 οὐδὲν,
1125 2714 1241 2775 τουτέστι
1255 2712 1285 2773 τὰ
1299 2714 1385 2793 ὀλίγον
1398 2718 1445 2774 οὐκ
1460 2716 1581 2775 ἐπενόουν
1593 2717 1678 2795 οὐδέν,
1691 2716 1757 2776 ἀλλὰ

160 2801 260 2883 Λόγου]
272 2804 390 2883 ἀριθμοῦ.
981 2811 1034 2860 πᾶν
1047 2801 1077 2860 τὸ
1091 2802 1169 2882 μέγα.

200 2889 289 2950 Lvll.
310 2886 420 2947 Τοσοίδε
435 2884 486 2967 γὰρ
500 2885 617 2967 έκάτεροι
634 2887 676 2966 ...]
691 2887 769 2964 ἤγουν
783 2887 874 2946 πολλοὶ
888 2884 938 2965 γὰρ
1022 2892 1081 2949 LX.
1103 2910 1125 2949 ε.
1151 2887 1205 2949 Καί
1233 2887 1390 2957 ξυνελθόντες
1413 2887 1441 2946 σί
1461 2911 1489 2946 τε
1513 2890 1653 2968 στρατηγοί
1671 2891 1717 2950 καί
1735 2894 1759 2950 σί

122 3000 149 3043 ω
161 2968 230 3049 ἦσαν
248 2979 446 3053 συμμαχοῦντες
465 2974 596 3055 ίκατέροις
611 2982 664 3042 τοῖς
679 2974 792 3054 μέρεσιν.
807 2973 834 3033 οῖ
845 2997 873 3032 τε
888 2971 938 3053 γὰρ
983 2975 1051 3054 ταξ]
1066 2981 1110 3034 νῦν
1124 2974 1210 3035 διὰτὸ
1229 2975 1324 3052 ἄπορον
1338 2975 1383 3032 καῖ
1395 2974 1453 3041 τοὺς
1471 2974 1626 3056 ταξιάρχους
1640 2980 1663 3036 οί
1676 3001 1757 3059 στρα-
1773 2993 1800 3033 ευ

161 3064 307 3135 Ἀθηναῖοι,
318 3063 361 3121 ἐπὶ
376 3061 499 3122 Σικελίαν
510 3061 643 3137 ἐλθόντες,
654 3062 731 3140 ἔσχον
744 3060 855 3128 πολλούς
869 3083 941 3127 τινας
983 3062 1058 3141 τηγολ
1070 3063 1225 3141 συνήγαγον,
1241 3063 1297 3121 καθ’
1313 3061 1406 3128 αύτούς
1422 3061 1547 3142 πρότερον
1569 3063 1759 3142 βουλευόμενοι.

162 3148 329 3229 συμμάχους·
348 3150 377 3208 σθ
401 3148 452 3226 μήν
472 3148 605 3207 ἀλλὰκαὶ
625 3151 649 3207 οί
674 3148 862 3229 Συρακούσιοι,
881 3147 941 3228 περί
984 3149 1234 3227 -Ἆπολαύόντες]
1249 3149 1662 3230 ίδιόισαντες,άποκόψαντες.-
1675 3157 1761 3213 Τοῦτο

163 3236 287 3302 Σικελίας
306 3235 472 3315 μαχόμενοι,
491 3233 611 3302 ῶςαύτως
631 3234 759 3315 ἐπήγοντο
779 3235 837 3301 τούς
857 3257 941 3311 μετα·
986 3237 1046 3316 μέν]
1058 3237 1087 3296 τὸ
1101 3236 1328 3315 διατείχισμα-
1340 3235 1580 3316 Καῖάπλοώτεραι]
1594 3236 1761 3319 σἰπλοωτέρας

163 3323 311 3405 σχήσοντας
333 3329 378 3383 τοῦ
401 3321 534 3400 πολέμου,
547 3323 593 3382 καὶ
613 3321 822 3390 κινδυνεύσοντας
843 3323 886 3383 έπί
903 3325 942 3403 τῷ
985 3327 1014 3383 οῦ
1029 3323 1076 3391 τὰς
1095 3324 1194 3386 ἄπλους
1210 3323 1364 3382 παντάπασι
1381 3324 1467 3401 λέγει,
1485 3323 1554 3382 ἀλλὰ
1568 3321 1615 3386 τὰς
1633 3323 1675 3382 διὰ
1690 3326 1761 3395 πλη·

125 3433 152 3475 n
165 3412 293 3470 διασῶσαι
305 3408 354 3481 τήν
367 3413 419 3469 τῶν
430 3408 616 3491 Συρακουσίων
626 3409 710 3482 πόλιν,
720 3407 805 3492 ὥςπερ
817 3417 869 3477 τοῖς
879 3431 943 3486 συμ·
987 3411 1115 3494 ρωμάτων
1135 3411 1234 3469 ἔνδειαν
1254 3410 1366 3478 άπλόους
1385 3409 1535 3488 ίσταμίνας.
1552 3416 1627 3470 τοῦτο
1640 3411 1666 3469 δέ
1685 3412 1730 3470 καὶ
1743 3416 1761 3483 ἡ
1775 3424 1803 3465 σε

166 3503 296 3578 μαχοῦσιν
312 3497 455 3569 ’Λθηναίοις
473 3496 568 3564 σκοπὸς
581 3497 611 3555 τὰ
629 3495 829 3574 συγκτήσασθαι
841 3495 942 3577 χώραν.
986 3498 1126 3576 τοῦλόγου
1146 3497 1271 3576 ἐπαγωγή
1292 3499 1382 3571 δηλοῖ,
1400 3497 1486 3556 πάντα
1506 3501 1565 3557 τινὰ
1588 3497 1763 3567 ἐςῦιύάζοντες

166 3585 320 3663 Κατάλσγος
331 3589 384 3644 τῶν
398 3587 476 3644 ἐθνῶν
489 3589 541 3643 τῶν
555 3584 789 3664 συμμαχησάντων
802 3583 944 3657 ’Λθηναίοις
986 3590 1134 3660 πληρῶσαι.
1144 3621 1183 3632 —-
1196 3606 1218 3646 ι.
1231 3586 1350 3652 Ἡλικίας
1362 3584 1491 3664 μετέχων]
1506 3585 1632 3658 νεότητος.
1643 3620 1682 3632 -
1694 3607 1715 3646 ι.
1728 3586 1763 3648 Ὁ

166 3671 236 3732 κατὰ
247 3675 436 3753 Συρακουσῶν·
451 3673 595 3749 Ἀθηναῖοι,
610 3671 737 3749 Λήμνιοι,
751 3670 945 3754 ’1μ6ριοι,Λί-
988 3671 1016 3732 δὲ
1029 3672 1135 3751 Νικίας]
1147 3676 1184 3751 τῷ
1199 3671 1279 3750 Νικίᾳ
1291 3670 1339 3729 τλν
1353 3671 1504 3751 προτροπὴν
1517 3677 1564 3744 τῆς
1580 3672 1715 3741 διαλέξεως
1729 3671 1765 3732 δί·

193 3765 285 3832 νῆται,
302 3759 448 3826 Ἑστιαεῖς·
470 3750 549 3835 (οὗτοι
569 3758 664 3826 πάντες
678 3758 817 3832 Ἀθηναίων
841 3758 945 3818 ἄποικοι
988 3762 1052 3819 δωσι
1065 3759 1110 3818 καί
1123 3762 1158 3825 ῶς
1172 3759 1229 3817 καθ’
1244 3757 1347 3829 ἡλικίαν
1363 3757 1543 3841 πρεσῦυτέρῳ,
1559 3759 1605 3819 καί
1619 3763 1653 3827 ὣς
1668 3759 1765 3837 μείζονι

129 3784 259 3925 Μήδαν]
282 3847 438 3928 Ἐρετριεῖς,
462 3847 616 3919 Χαλκιδεῖς,
637 3848 760 3927 Στυρεῖς,
784 3845 944 3927 Καρύστιοι,
989 3847 1194 3928 στρατηγῷ,καὶ
1203 3849 1238 3911 ὡς
1246 3845 1329 3903 πάλαι
1338 3842 1397 3911 τούς
1407 3846 1598 3923 Συρακουσίους
1606 3847 1764 3918 νενικηκότι,
1777 3863 1804 3903 ιο

169 3936 252 4007 Κεῖοι,
261 3931 383 4013 Ἄνδριοι,
394 3935 409 3965 ⁸
422 3933 523 4006 Τήνιοι,
535 3934 672 4012 Μιλήσιοι,
684 3934 791 4011 Σάμιοι,
800 3937 869 4007 Χῖοι,
879 3936 945 4004 Μη·
988 3934 1034 3994 καί
1048 3937 1082 4000 ῶς
1096 3935 1122 3990 έν
1137 3931 1331 4013 Πελοποννήσῳ
1349 3930 1395 3991 καί
1408 3937 1435 3992 έν
1449 3933 1537 4000 ἄλλοις
1557 3935 1663 4000 πολλοῖς
1678 3936 1765 3999 τόποις

169 4028 303 4101 θυμναῖσι,
314 4021 444 4095 Τενέδιοι,
455 4023 552 4095 Λίνιοι,
564 4026 722 4100 Πλαταιεῖς,
736 4023 845 4097 Ῥόδιοι,
858 4024 945 4096 Κυθή-
989 4020 1048 4088 τοὺς
1067 4020 1197 4087 έναντέους
1219 4020 1450 4097 διαπολεμήσαντι.
1475 4054 1514 4065 -
1536 4020 1621 4098 Πολύ]
1639 4020 1707 4081 λίαν.
1725 4053 1766 4065 -

171 4133 235 4192 ριοι,
248 4111 430 4191 Κεφαλλῆνες,
444 4109 597 4183 Ζακύνθιοι,
612 4113 784 4192 Κερκυραῖοι,
802 4111 946 4182 Μεσσήνιοι
990 4107 1208 4186 Διακινδυνεύειν]
1227 4107 1270 4166 διὰ
1283 4107 1400 4166 κινδύνου
1414 4107 1488 4166 ἰέναι.

170 4195 383 4270 ίκΝαυπάκτου,
392 4201 522 4278 Μεγαρεῖς
530 4196 654 4279 φυγάδες,
665 4199 787 4278 Ἀργεῖοι,
796 4201 946 4271 Μαντινεῖς,
1030 4196 1103 4255 Lxl.
1124 4193 1205 4254 Ἔστι
1220 4196 1270 4274 τῳ]
1283 4193 1333 4252 τινί
1346 4194 1389 4274 ἀφ’
1400 4198 1484 4269 ἡμῶν.
1496 4226 1536 4237 -
1545 4212 1566 4252 α
1578 4191 1691 4253 Ἔπειτα
1705 4194 1766 4251 δια-

133 4302 158 4343 ιι
172 4287 288 4367 Κρῆτες,
301 4285 430 4357 Λίτιολοί,
442 4285 610 4365 Ἀκαρνᾶνες,
622 4285 744 4364 Θούριοι,
757 4284 947 4357 Μεταπόντιοι,
991 4281 1086 4348 παντδς
1100 4280 1146 4350 τήν
1166 4280 1259 4339 ἐλπίδα
1279 4286 1324 4339 τοῦ
1343 4280 1424 4361 φόόου
1442 4279 1534 4357 ὁμοίαν
1547 4289 1604 4345 ταῖς
1625 4279 1767 4361 ξυμφοραῖς
1779 4296 1806 4336 ιε

171 4370 279 4444 Νάξιοι,
298 4376 460 4449 Καταναῖοι,
479 4372 640 4452 Ἐγεσταῖοι,
652 4371 797 4452 Τυρσηνοί,
818 4371 947 4448 Ἰάπυγες.
992 4366 1107 4446 ἔχουσιν]
1126 4366 1233 4441 ἔπειτα,
1255 4364 1333 4446 φησί,
1353 4365 1431 4424 παντί
1455 4369 1493 4446 τῷ
1514 4365 1600 4446 χρόνῳ
1622 4365 1767 4432 δυςέλπιδές

171 4492 213 4505 ··-
224 4460 288 4526 Τοῖς
301 4457 361 4538 μέν]
375 4468 428 4527 τοῖς
441 4458 592 4530 Ἀθηναίοις.
605 4492 644 4503 -
657 4460 720 4526 Τοῖς
735 4457 774 4537 δι]
788 4460 840 4524 τοῖς
858 4462 949 4538 Συρα-
992 4459 1055 4526 εἰσι,
1067 4454 1112 4514 καί
1123 4457 1296 4535 προςδοκῶσιν
1307 4453 1401 4531 ὁμοίως
1410 4462 1467 4520 ταῖς
1478 4451 1660 4532 γεγενημέναις
1671 4476 1768 4533 συμφο-

172 4545 293 4613 κοοσίοις.
311 4580 352 4592 -
364 4547 432 4607 Μετ’
449 4545 570 4616 σἰλλήλων
590 4545 709 4623 στάντες]
729 4545 950 4625 συμμαχήσαντας
994 4550 1050 4622 pai(
1062 4541 1096 4598 τὰ
1116 4539 1253 4617 μέλλοντα.
1267 4575 1307 4585 -
1319 4560 1341 4599 ο.
1359 4544 1420 4600 Τῶν
1433 4543 1459 4598 έν
1474 4548 1526 4607 τοῖς
1542 4538 1665 4618 πολέμου
1677 4562 1766 4619 παρν-

174 4632 307 4704 άλλήλοις.
323 4668 365 4680 -
378 4634 447 4694 Ἀλλ’
465 4637 500 4701 ῶς
514 4637 554 4695 έκ.
572 4639 619 4704 τῆς
637 4632 772 4711 ξυντυχίας
787 4635 833 4713 ...]
845 4633 902 4692 ἀλλ’
916 4637 950 4700 ὡς
992 4627 1089 4706 λόγων]
1102 4625 1224 4709 Ὅμηρος
1237 4628 1278 4706 [ΙΙ.
1296 4640 1326 4700 Σ,
1339 4629 1405 4706 309]

133 4734 162 4777 εσ
174 4718 307 4791 ἑκάστοις,
321 4718 399 4800 φησί,
412 4718 550 4799 συνέτυχεν
566 4719 583 4791 ῆ
604 4719 647 4778 διὰ
660 4719 690 4778 τδ
708 4718 772 4778 ίδιον
786 4717 914 4800 συμφέρον
933 4717 950 4788 ῆ

174 4802 331 4883 έξάνάγκης
353 4805 548 4886 στρατεύεσθαι.
563 4841 603 4851 -
623 4826 644 4866 ι.
660 4805 716 4866 Καί
739 4805 783 4863 ἀπ’
798 4801 950 4887 Ἀθηναίων]

175 4891 282 4951 άποικοι
296 4892 423 4965 δηλονότι.
442 4928 479 4939 -
499 4884 592 4972 Οὸτοι]
606 4893 686 4970 ήγουν
702 4897 726 4953 οἱ
749 4892 900 4973 Καρύστιοι.
913 4927 952 4939 -
995 4891 1104 4952 -Καὶ
1127 4891 1157 4949 τδ
1173 4895 1220 4961 τῆς
1236 4889 1329 4968 τύχης]
1343 4889 1422 4968 ἤγουν
1437 4888 1566 4968 εύτυχίας.
1580 4922 1621 4934 -
1639 4887 1697 4948 Κᾶν
1712 4889 1769 4965 μεθ’

175 4999 198 5041 1.
212 4976 313 5063 Ναυσί]
324 4981 403 5059 ἤγουν
420 4979 465 5039 σύν
479 4981 564 5043 ναυσί.
578 5001 647 5041 -7,
661 4978 738 5040 Κατὰ
753 4978 779 5038 δέ
793 4978 953 5050 τδνησιωτι·
996 4981 1071 5055 ἡμῶν
1097 4978 1247 5043 ἐλπίσαντες
1270 4976 1374 5055 στῆναι]
1399 4976 1444 5035 καί
1470 4976 1517 5048 τήν
1537 4975 1619 5054 τύχην
1640 4975 1685 5034 καὶ
1707 4975 1770 5051 ἡμῖν

177 5064 236 5143 κόν]
248 5064 328 5145 ἤγουν
342 5063 460 5141 νόμιμον,
476 5065 540 5134 έθος.
555 5101 593 5113 -
610 5068 651 5128 Ού
666 5067 741 5127 ιιιόνον
754 5066 873 5147 Δωριεῖς]
885 5063 954 5132 ὄντες
997 5066 1174 5147 συλλήψεσθαι
1188 5064 1349 5132 ἐλπίσαντες.

1056 4768 1129 4825 Ξυνδς
1140 4767 1321 4828 Ἐνυάλιος,καί
1330 4784 1355 4816 τε
1363 4767 1489 4816 κτανέοντα
1497 4768 1607 4816 κατέκτα.
1781 4765 1808 4805 ⁸⁰
