3676 5828
183 329 246 381 τω
777 310 1027 386 SOEOLlA.v1,
1049 318 1085 371 σο
1107 345 1142 357 -
1162 319 1209 370 εο.

190 467 274 523 μενοι,
294 440 362 499 ἀλλδι
386 438 545 517 κωλυόμενοι
565 437 609 497 διδ
626 429 674 507 τήν
694 435 808 508 ήλικίαν.
828 471 869 483 -
886 433 963 494 Μετά
984 440 989 485 Ι
1044 436 1130 495 XLV.
1152 434 1216 493 Ἐπὶ
1237 432 1346 511 τούτοις]
1364 433 1430 511 μετὰ
1443 439 1538 494 ταῦτα.
1561 468 1602 480 -
1615 438 1781 515 Παρεςχεηά.

186 533 291 591 πολλῶν
306 532 492 606 ίσονομεῖσθαι]
506 524 619 602 ἰσότιμοι
631 515 695 582 εἰναι
705 522 774 601 μετδι
787 526 838 581 τῶν
848 524 961 581 πολλῶν.
1005 524 1077 589 ζοντο
1093 544 1121 579 π.
1135 527 1168 601 τῇ
1180 522 1233 599 γν.]
1253 520 1298 579 καὶ
1312 530 1391 578 πᾶσιν
1413 519 1498 580 ἐδόκει
1517 524 1779 604 παρασκευάζεσθαι,

190 651 228 666 —-
241 615 442 692 Ἰσονομεῑσθαι]
454 612 479 672 τί
493 612 537 671 καί
555 609 689 690 βούλεσθε,
704 609 755 668 ἀπὸ
769 614 863 668 κοινοῦ.
1004 607 1104 676 οὐδενός
1117 608 1301 686 ἀντιλέγοντος.
1313 642 1353 652 -
1363 607 1446 669 Ἔνθα
1461 608 1521 686 μέν]
1529 610 1567 676 εἰς
1578 635 1663 678 τινας
1679 613 1780 674 -Φύ

228 705 357 764 XXXIX.
371 699 451 772 Ἴσον]
469 699 575 759 δίκαιον.
600 696 724 764 -Τοὺς
746 697 767 756 δ’
791 694 831 777 έχ.
851 694 884 755 τὰ
907 701 962 775 χρ]
1005 692 1098 778 λακας]
1111 695 1169 762 τοὺς
1180 694 1433 776 διαφυλάξονταςτδις
1444 696 1530 777 φιλίας
1541 696 1643 765 πόλεις.
1660 701 1780 780 -Τοός]

163 810 176 850 ο
189 791 306 852 τουτέστι
314 790 362 862 τήν
375 787 583 870 ἀριστοκρατίαν.
599 821 638 830 -
650 785 746 866 Μέρος]
761 786 845 843 λείπει
859 789 905 855 τῆς
915 782 964 842 πό-
1006 782 1064 840 ἀντὶ
1077 789 1122 841 τοῦ
1137 781 1248 849 τούτους.
1271 823 1304 831 -
1334 783 1387 842 Καὶ
1409 785 1433 849 ές
1448 782 1481 840 τὰ
1492 783 1651 864 περίπλοια]
1664 786 1800 869 γράφεται

137 938 145 947 ,
188 877 483 956 λεως.-·-Ἰσομοιρεῖν]
492 873 618 951 ἰσοτιμίας
627 873 757 942 ἀξιοῦνται
767 875 793 930 έν
801 868 964 950 δημοκρατίᾳ
1006 869 1182 949 περιπόλια.,φ
1206 869 1276 927 τάἰν
1290 875 1323 949 τῇ
1338 869 1413 950 χώρᾳ
1428 869 1555 952 φρούρια,
1573 870 1780 953 ἀπεριπλέοντες

189 965 215 1025 οἰ
227 989 254 1025 τε
266 963 386 1024 πλούσιοι
397 964 472 1022 καίοί
486 959 596 1021 συνετοί.
608 998 642 1008 -
654 981 675 1019 ε.
689 959 804 1037 Ξύμπαν
816 957 963 1040 ἀφελομένη
986 963 990 1044 j
1007 955 1194 1034 (suprascripto
1215 960 1265 1015 τῶν
1282 957 1438 1036 περιπολων]
1459 960 1558 1036 εἰςήγον
1574 961 1611 1027 εἰς
1629 960 1700 1019 αὐτὰ
1712 985 1781 1042 φρω-

190 1053 257 1132 ἔχει]
272 1057 318 1123 τῆς
331 1050 456 1132 ὠφελείας
471 1048 598 1120 δηλονότι.
613 1084 652 1093 -
663 1047 695 1108 Ἃ
713 1051 785 1125 ύμῶν
806 1044 833 1104 οἰ
842 1070 871 1105 τε
884 1045 964 1104 δυνά·
1007 1041 1074 1122 ρούς.
1088 1077 1128 1086 -
1157 1042 1206 1110 Ὦς
1220 1043 1263 1103 έπί
1282 1053 1357 1124 ταχεῖ
1376 1044 1496 1127 πολέμῳ]
1516 1049 1551 1113 ὡς
1564 1047 1593 1103 ἐν
1606 1047 1781 1129 συντόμιρίσο

190 1165 262 1219 μενοι
275 1140 320 1199 καί
331 1143 354 1198 οἰ
365 1136 460 1209 νέοι...]
475 1137 541 1218 άπερ
554 1140 614 1212 ὑμῖν
626 1134 651 1193 οἰ
666 1158 695 1193 τε
706 1133 870 1214 ὀλιγαρχικοί
884 1134 929 1192 καὶ
941 1136 964 1191 οἰ
1007 1126 1086 1208 μένῳ.

152 1244 176 1280 10
188 1227 240 1286 νέοι
253 1231 446 1308 προθυμοῦνται
457 1224 544 1282 πάντα
559 1221 637 1301 ἔχειν,
649 1221 776 1280 ἀδυνάτου
794 1221 866 1288 ὄντος
877 1221 904 1278 έν
916 1242 964 1297 με·
1046 1216 1151 1276 XLVI.
1165 1235 1188 1275 ε.
1196 1216 1412 1376 Ἀντεκεκρούκεφ
1424 1216 1498 1298 παρὰ
1508 1217 1619 1296 γνώμην
1630 1222 1780 1300 ἀπηντήκει,
1789 1246 1807 1286 ιι

188 1314 257 1393 γάλη
274 1313 349 1372 πόλει
360 1311 445 1370 πάντα
459 1309 562 1376 τούτους
576 1309 655 1388 ἔχειν.
1007 1300 1178 1373 ἀπούεύήκει.
1191 1334 1225 1343 -
1247 1303 1301 1363 Καὶ
1313 1303 1379 1372 εἰκὸς
1410 1306 1436 1384 ν]
1459 1305 1647 1386 συστρατεύειν
1672 1309 1778 1380 δηλονότ

228 1380 288 1461 XL.
309 1400 349 1460 Τὸ
362 1404 408 1470 τῆς
427 1397 527 1464 πολεως
545 1396 626 1474 ξύμπ.
648 1397 729 1476 κοιν.]
749 1395 780 1455 τὸ
797 1404 863 1454 πᾶσι
877 1397 966 1460 κοινῶς
1007 1392 1058 1454 τοῖς
1073 1388 1495 1473 Ἀθηναίοις.-Προςδεχομένῳ]
1507 1390 1780 1474 καθὼςττροςεδέχιτο,

189 1485 319 1567 ῶφελιμον
333 1491 380 1557 τῆς
393 1484 505 1555 πόλεως,
517 1491 593 1543 τοῦτο
605 1482 704 1552 αὔξετε.
725 1518 766 1527 -
784 1481 838 1543 Καὶ
852 1480 929 1541 πλέον
942 1483 966 1539 οί
1008 1475 1076 1533 κατὰ
1091 1475 1139 1549 τήν
1153 1479 1232 1536 αὐτοῦ
1247 1477 1385 1559 ὑπόληψιν.
1402 1514 1442 1523 -
1453 1482 1517 1539 Τοῖν
1534 1479 1561 1538 δὲ
1579 1480 1691 1561 ἑτέρων]
1703 1482 1780 1542 Ἆλιν·

190 1573 282 1651 ἀγαθοί
300 1574 419 1651 ὑμῶν...]
439 1576 462 1631 οἱ
485 1571 576 1650 ἀγαθοί
599 1575 672 1646 ὑμῶν
696 1569 859 1648 ἡγείσθωσαν
890 1573 966 1627 τοῦτο
1009 1562 1087 1644 θιάδη
1102 1563 1148 1622 καί
1161 1562 1295 1646 Λαμάχῳ.
1309 1599 1349 1609 -
1371 1585 1392 1624 a.
1413 1565 1652 1648 Ἔξετεχνήσαντο]
1671 1592 1781 1650 μεττχει·

152 1676 176 1714 15
190 1659 235 1718 καί
249 1659 305 1718 ἰσον
321 1650 386 1717 εἰναι
406 1659 451 1716 καὶ
467 1657 545 1716 πλέον
556 1661 602 1714 τοῦ
616 1655 689 1735 ἴσου,
706 1657 736 1715 τδ
752 1661 803 1715 τῶν
816 1659 901 1715 αὐτῶν
916 1679 964 1733 με·
1009 1650 1124 1734 ρίσαντο.
1137 1687 1176 1697 -
1189 1651 1352 1732 Ἐπέδῑῑίαν]
1367 1654 1409 1711 ὑπ’
1424 1654 1482 1735 ἀθιν
1492 1653 1602 1727 ἔθηκαν.
1615 1657 1723 1718 -Ἆτό
1733 1659 1808 1722 ἀλίιν

189 1756 307 1826 τασγεῖν,
320 1738 356 1806 ῶν
367 1746 412 1804 καί
424 1755 497 1803 πᾶσα
514 1749 531 1816 ή
546 1743 628 1810 πόλις.
644 1779 684 1789 -
697 1746 731 1805 Εἰ
747 1745 769 1804 δ’
786 1745 854 1804 ἀλλα
871 1742 967 1822 βουλή·
1008 1763 1056 1819 γης
1080 1739 1256 1818 δυνάμεως...]
1273 1739 1349 1819 ὀλίγα
1371 1745 1404 1821 τῇ
1428 1741 1538 1818 δυνάμει
1560 1742 1642 1817 όντα,
1672 1747 1781 1826 μεγάλην

190 1835 278 1912 σεσθε]
292 1837 314 1892 εί
329 1831 357 1893 δέ
375 1833 497 1911 μειζόνων
515 1832 628 1913 ἐφίεσθε,
646 1831 752 1890 πάντων
768 1831 965 1913 οτερηθήσεσθε.
1008 1826 1153 1910 φαντασίαν
1167 1831 1287 1908 παρεῖχε.
1309 1863 1350 1872 -
1369 1829 1499 1908 Ξενίσεις]
1520 1832 1731 1912 φιλοφρονήσεις.
1750 1869 1783 1880 -

189 1955 230 1966 -
249 1920 295 1987 Ὡς
318 1919 537 2001 προαισθομένους
552 1918 598 1977 καί
617 1916 654 1995 μή
678 1920 777 1999 ἐπιτμ]
793 1919 850 1977 ἀντί
868 1923 914 1976 τοῦ
932 1921 967 1984 ὡς
1009 1919 1070 1976 Τῶν
1087 1917 1238 1996 τριηριτῶν]
1250 1919 1301 1975 τῶν
1312 1918 1338 1974 ἰν
1349 1925 1406 1984 ταῖς
1418 1917 1549 1998 τριήρεσιν
1564 1919 1783 1999 ἀφικομένων.-

189 2006 437 2089 προαισθησομένων
451 2007 496 2065 καί
509 2005 545 2083 μή
557 2004 746 2086 έπιτρεψόντων
758 2009 844 2083 ἡμῶν.
861 2026 921 2064 -α
933 2007 967 2066 Εἰ
1010 2002 1198 2082 Αἰτησοίμενοι]
1213 2003 1385 2083 χρησάμενοι.
1406 2004 1438 2063 τὸ
1450 2006 1478 2063 δί
1491 2005 1650 2077 αἰτήσαντες
1663 2008 1724 2066 ἀντὶ
1743 2013 1783 2067 τοῦ

151 2107 178 2146 20
192 2094 229 2172 μή
241 2118 266 2152 τι
280 2096 411 2172 αὐτῶν...]
427 2099 503 2152 τοῦτο
521 2093 721 2151 ἀνταποδίδοται
735 2093 798 2173 πρὸς
812 2095 908 2164 έκεῖνο,
925 2097 966 2164 «ἡ
1008 2087 1132 2157 λαόόντες
1152 2089 1213 2149 άνευ
1231 2097 1277 2149 τοῦ
1293 2090 1396 2168 μέλλειν
1409 2091 1565 2154 ἀποδώσειν.
1578 2129 1620 2138 -
1631 2113 1653 2156 ε.
1670 2097 1811 2178 Διεθρόη·α

190 2180 242 2261 γὰρ
255 2180 329 2248 πόλις
336 2182 401 2256 ήδε,
417 2181 462 2239 καί
470 2183 493 2238 εἰ
507 2179 628 2259 ἔρχονται
645 2179 786 2251 Ἀθηναῖοι,
798 2183 942 2258 ἀμυνεῖται.
954 2206 967 2232 ν
1009 2177 1070 2254 σαν]
1087 2175 1201 2245 εἰπόντες
1213 2177 1375 2259 διετάραξαν.

191 2268 236 2326 καί
253 2271 275 2326 εἰ
292 2268 329 2345 μή
343 2293 369 2326 τι
381 2270 466 2326 αὐτῶν
481 2266 574 2339 ἀληθές
587 2270 665 2338 ἐστιν,
680 2268 709 2325 ού
722 2264 764 2325 διὰ
779 2267 827 2333 τὰς
843 2265 968 2347 ὑμετέρας
1049 2266 1165 2324 XLVH.
1188 2262 1391 2346 Ἐφ’όπερ]διό.
1418 2298 1455 2309 -
1474 2265 1709 2348 Παραμείναντες]
1734 2267 1784 2335 τούς

192 2355 313 2434 ἀγγελίας
333 2355 483 2436 αὐθαίρετον
498 2354 615 2413 δουλείαν
632 2356 738 2416 ἑλεῖται.
753 2361 829 2413 τοῦτο
848 2354 898 2437 γάρ
913 2358 968 2414 ἐστι
1010 2349 1165 2422 Ἀθηναίους.
1181 2387 1218 2396 -
1237 2348 1343 2433 Αύτοῖς]
1357 2355 1409 2419 τοῖς
1423 2352 1596 2430 Ἐγεσταίοις.
1612 2388 1652 2399 -
1672 2356 1715 2416 Δι’
1737 2357 1774 2415 όλί
1800 2363 1804 2370 ’

191 2441 221 2499 τδ
237 2441 409 2500 ἰπιύαλεῒται.
425 2481 458 2490 -
480 2441 548 2508 Τούς
562 2465 590 2499 τε
608 2439 699 2518 λόγους
717 2441 760 2522 ἀφ’
785 2443 901 2519 ὑμῶν...]
916 2439 968 2499 ἀπὸ
1009 2439 1099 2516 γου...]
1114 2437 1260 2518 διαταχέως
1278 2439 1324 2497 καί
1341 2438 1401 2497 ἄνευ
1420 2445 1464 2498 τοῦ
1484 2441 1670 2520 προςδοκῆσαι.
1686 2444 1785 2504 -Κιιί

152 2561 179 2600 25
191 2534 277 2586 κοινοῦ
285 2528 315 2587 τὸ
327 2531 373 2586 οὐκ
385 2520 468 2605 οἶμαι.
482 2530 528 2585 οὐκ
539 2519 614 2603 οἶμαι
625 2527 683 2607 γὰρ,
696 2528 783 2608 φησίν,
796 2526 836 2585 ότι
850 2526 908 2594 τοὺς
917 2526 964 2586 λό-
1010 2530 1042 2605 τῇ
1057 2525 1131 2583 πόλει
1145 2526 1358 2605 δαπανῶντας...]
1373 2526 1430 2584 ἀντὶ
1446 2531 1491 2584 τοῦ
1505 2526 1551 2584 καί
1565 2526 1603 2604 μή
1617 2530 1784 2596 δαπανῶντας
1794 2550 1813 2587 ιε

193 2638 254 2694 γους
263 2619 335 2692 ὑμῶν
347 2615 391 2674 ἰσα
407 2615 489 2695 ἔργοις
500 2613 624 2673 δύνασθαι
637 2619 654 2685 ή
667 2613 741 2680 πόλις
751 2616 886 2695 κρινεῖ.-
898 2614 968 2693 Οὐχί
1009 2612 1043 2671 τά
1055 2614 1136 2671 οἰκεῖα
1148 2612 1301 2672 κινδυνεύειν
1320 2615 1391 2693 ἐντῇ
1406 2612 1494 2687 πόλει,
1504 2613 1585 2693 ήγουν
1594 2614 1713 2676 κίνδυνον
1725 2640 1784 2698 προ

195 2703 225 2759 ἐκ
237 2707 283 2760 τοῦ
296 2704 340 2761 ἀκ.
358 2702 460 2783 ἀφαιρ]
474 2702 533 2780 οὐχ]
554 2700 597 2758 διὰ
608 2702 638 2758 τὸ
651 2700 752 2758 ἀκούειν
770 2703 968 2778 καταπλαγεῖσαι
1011 2699 1089 2769 ξενεῖν
1103 2705 1131 2779 τῇ
1147 2700 1229 2759 πόλει.

192 2788 487 2869 ’ἀποστερήσεται-
501 2789 550 2848 Ἐκ
565 2787 592 2847 δὲ
603 2795 647 2847 τοῦ
659 2787 726 2868 ἔργῳ
742 2788 967 2870 φυλασσομένη...]
1050 2791 1181 2849 XLVIII.
1213 2788 1267 2848 Καί
1289 2788 1414 2869 στρατιάν
1429 2787 1536 2897 έγωσιν]
1549 2789 1601 2848 ἀπὸ
1622 2790 1723 2851 τούτων
1738 2795 1785 2850 τῶν

191 2873 239 2945 τήν
246 2875 392 2956 ἐλευθερίαν
405 2875 557 2957 πειράσεται
572 2874 662 2943 σώζειν
677 2878 707 2933 ἐκ
720 2881 766 2934 τοῦ
785 2877 816 2933 δι’
832 2875 914 2958 ἔργων
930 2877 967 2955 μή
1010 2875 1120 2936 πόλεων.
1140 2910 1176 2920 -
1194 2876 1242 2936 Ἔν
1256 2875 1340 2957 πόρῳ]
1361 2900 1513 2956 περαιωσει.
1530 2911 1566 2921 -
1582 2877 1784 2957 Προςαγαγομέ-

154 2994 180 3033 ³0
193 2962 341 3042 ἐπιτρέπειν
354 2972 406 3029 τοῖς
419 2961 615 3044 ἀφαιρουμένοις
629 2962 719 3034 αύτήν.
1010 2964 1078 3040 νους]
1095 2963 1311 3044 χειρωσαμένους.
1326 2997 1362 3008 -
1378 2962 1486 3031 Εἰδότας
1499 2964 1556 3041 μεθ’
1569 2954 1606 3022 ῶν
1622 2967 1712 3045 τις...]
1725 2966 1786 3025 εἰδό-
1796 2996 1817 3035 a

234 3051 308 3110 XLI.
327 3071 349 3110 ³.
373 3051 463 3122 Μηδέν
482 3051 576 3130 δεήση]
592 3049 679 3130 μάχης
693 3050 820 3122 δηλονότι.
836 3087 875 3096 -
889 3045 938 3120 Οἷς
955 3057 969 3111 ό
1010 3073 1071 3124 τας,
1083 3050 1153 3117 τίνας
1168 3049 1256 3129 έχουσι
1266 3049 1431 3130 συμμάχους.

192 3135 305 3213 πόλεμος
324 3137 478 3216 ἀγάλλεται]
494 3128 532 3203 οἷς
548 3137 635 3217 χαίρει
649 3138 799 3214 όπόλεμυς,
817 3128 853 3195 ῶν
870 3138 968 3218 χρῄζει.
1051 3139 1155 3198 XLIX.
1176 3138 1216 3198 Τὸ
1230 3137 1280 3218 γὰρ
1292 3142 1395 3219 πρῶτον
1413 3147 1465 3196 πᾶν
1480 3137 1645 3219 στράτευμα]
1659 3138 1709 3212 τήν
1719 3140 1786 3221 πρώ-

192 3257 233 3269 —
250 3243 272 3282 ι.
291 3225 469 3302 Ἐπιτήδειον]
485 3224 618 3306 ἁρμόδιον.
637 3260 677 3268 -
699 3225 745 3292 Ἐς
767 3228 834 3302 ὑμᾶς
853 3225 969 3305 οἰσομεν]
1011 3248 1059 3296 την
1070 3224 1213 3304 προςόολήν
1224 3225 1552 3306 τούστρατεύματος.-ν.
1564 3224 1722 3305 Τῇγνώμῃ]
1735 3227 1786 3286 ἀντί

194 3309 273 3387 ήγουν
288 3311 438 3388 μηνύσομεν
449 3317 510 3388 ύμῖν
523 3311 651 3382 δηλονότι.
1012 3315 1057 3369 τοῦ
1085 3314 1177 3390 βουλῇ.
1202 3345 1240 3357 -
1268 3312 1357 3393 Σφᾶς]
1380 3311 1439 3377 τοὺς
1454 3311 1610 3382 Ἀθηναίους.
1631 3347 1673 3359 -
1689 3313 1788 3382 Αύτοίνς

154 3427 180 3466 ³5
233 3400 322 3460 XLII.
344 3397 506 3477 Νείμαντες]
526 3398 569 3456 τὸν
589 3397 707 3479 στρατόν.
726 3433 767 3442 -
784 3398 831 3459 Ἐν
851 3399 970 3482 ἑκάστῳ]
1013 3397 1168 3479 ἐκφοόῆσαι]
1188 3397 1248 3466 τοὺς
1270 3397 1461 3479 Συρακουσίους
1486 3398 1603 3470 δηλονότι
1631 3399 1691 3466 τοὺς
1715 3401 1819 3474 Ἀθη-χ

195 3482 277 3564 μέρει.
288 3521 326 3532 -
344 3487 529 3564 Καταγωγαῖς]
544 3484 639 3562 λιμέσι.
659 3521 698 3531 -
711 3486 915 3566 Εὐκοσμότεροι]
928 3490 971 3546 εὖ·
1012 3487 1106 3553 ναίους.
1120 3521 1157 3531 -
1169 3491 1216 3567 Τῷ
1232 3487 1325 3545 αθτίκα
1340 3488 1450 3568 κινδύνῳ
1462 3485 1612 3566 τῆςμάχης]
1626 3487 1681 3546 ἀπὸ
1691 3495 1786 3566 κοινοῦ,

193 3574 352 3653 τακτότεροι.
366 3607 407 3616 -
423 3576 569 3652 Στρατηγῷ
588 3571 817 3652 προςτεταγμένοι]
835 3573 904 3632 κατά
919 3575 970 3633 τοί-
1013 3575 1042 3633 τὸ
1064 3575 1208 3655 ἕκφοόῆσαι
1232 3574 1324 3643 αὐτούς
1344 3579 1382 3656 τῷ
1396 3577 1570 3656 προςδοκῆσαι
1583 3575 1682 3634 αὐτίκα
1695 3579 1722 3634 ἐν
1735 3600 1788 3635 κιν-

195 3661 245 3732 ξεις
256 3660 306 3720 ὑπὸ
319 3669 472 3739 στρατηγοῖς
484 3657 644 3737 τεταγμένοι.
659 3695 699 3704 -
711 3681 731 3719 ν.
743 3663 897 3741 Εἰσομένας]
907 3687 970 3741 γνω·
1013 3659 1080 3742 δύνῳ
1092 3662 1312 3740 διαμαχήσεσθαι.
1329 3695 1366 3706 -
1381 3680 1403 3720 ν.
1420 3660 1467 3731 Μὴ
1481 3659 1591 3732 ήξειν]ή
1607 3661 1646 3739 μή
1661 3662 1788 3744 ἀπόφασις

195 3745 421 3829 μούσας-Καί
430 3744 522 3825 ἐἰρητο
537 3747 637 3823 αὐταῖς]
651 3744 746 3824 ὥριστο
760 3749 817 3815 ταῖς
829 3748 914 3808 ναυσί.
930 3785 971 3796 -
1013 3748 1131 3828 περιττή.
1155 3783 1194 3794 -
1218 3747 1273 3809 Καὶ
1295 3747 1551 3827 έςκομιζομένων...]
1570 3747 1616 3805 καί
1636 3746 1671 3807 τά
1689 3751 1720 3807 ἰιι
1737 3747 1791 3808 τῶν

155 3859 181 3899 ιο
197 3837 261 3894 on.
271 3833 454 3913 προαπαντᾷν]
467 3836 520 3898 τοῖς
527 3837 716 3914 προπεμφθεῖσι
730 3838 769 3915 τῷ
780 3836 865 3916 στοίιῳ
876 3837 918 3909 δή.
931 3874 971 3884 -
1014 3838 1101 3915 ἀγρῶν
1115 3837 1150 3901 είς
1161 3833 1208 3906 τήν
1222 3833 1298 3893 πόλιν
1317 3833 1514 3914 μεταφερόντων
1531 3837 1582 3892 τῶν
1601 3837 1788 3917 Συρακουσίων
1799 3870 1822 3909 w

195 3916 392 3988 Ἐπιστάμενοι]
408 3916 466 3984 τοὺς
475 3917 571 3998 φίλους.
1013 3924 1060 3981 οὐκ
1071 3920 1211 4003 ἀπορήσειν
1222 3921 1281 3989 τοὺς
1289 3921 1435 3994 Ἀθηναίους
1441 3921 1595 4002 χρημάτων,
1608 3922 1652 4000 ἂν,
1665 3930 1789 4005 κρατοῦνε

234 4006 339 4065 XLlll.
361 4001 487 4083 Τριήρεσι
507 4001 554 4080 μέν
568 4012 624 4071 ταῖς
644 4006 782 4079 πάσαις...]
797 4007 908 4088 τριήρεις
921 4033 971 4068 τα-
1013 4031 1054 4075 τες
1075 4011 1127 4065 τῶν
1142 4007 1336 4088 Συρακουσίων,
1350 4008 1575 4089 προςκαθέζωνται
1597 4011 1630 4087 τῇ
1651 4009 1738 4070 πόλει.
1752 4044 1790 4054 -

194 4102 280 4174 χεῖαι,
294 4089 406 4172 τριήρεις
417 4089 610 4171 στρατιώτιδες,
624 4094 836 4174 πεντηκόντοροι,
851 4098 971 4175 ἰππαγω·
1014 4094 1234 4171 Ἐςκομιζομένων
1254 4095 1350 4173 αὐτῶν]
1366 4095 1512 4175 φευγόντων
1527 4094 1613 4153 αὐτῶν
1628 4097 1682 4154 τῶν
1701 4097 1790 4175 Συρα·

195 4180 251 4260 γοί,
270 4179 365 4255 πλοῖα,
388 4178 503 4244 ὁλκάδες.
525 4212 567 4222 —-
588 4180 613 4237 Τ
614 4177 714 4262 αχεῖαι]
735 4181 799 4262 πρδς
821 4183 970 4263 ναυμαχίαν
1013 4179 1106 4239 κοσίων
1117 4177 1195 4249 ἰςτήν
1207 4178 1375 4241 πόλιν.-ε.
1383 4183 1424 4240 Οὐ
1435 4179 1628 4260 ξυμμαχήσειν]
1639 4182 1693 4248 τοῖς
1703 4183 1789 4262 Συριι·

155 4295 181 4335 ις
199 4264 347 4338 ἐπιτήδειοι.
361 4298 402 4309 -
424 4264 625 4345 Στρατιώτιδες]
640 4267 799 4347 στρατιώτας
814 4266 872 4335 τούς
892 4276 970 4339 πεζο-
1013 4265 1124 4333 κουσίοις
1141 4265 1269 4338 δηλονότι.
1289 4300 1328 4313 -
1343 4268 1397 4328 Kal
1411 4269 1440 4327 οθ
1455 4266 1684 4345 διαμελλήσειν...]
1699 4269 1744 4328 καί
1760 4270 1789 4327 οθ
1802 4302 1825 4341 u

199 4353 372 4500 ργαγληᾷσογταιςε
381 4351 608 4497 άγφυέσομγσζτὲδ
628 4352 655 4411 δέ
663 4355 735 4462 ,ἄλλο
749 4353 882 4432 ναυτικόν]
892 4355 971 4434 ήγουν
1013 4353 1153 4500 δὲπάσμιν,
1181 4355 1391 4500 μαραδοκοῶνφαίς
1414 4352 1518 4500 πότερρι
1542 4354 1730 4520 κραρήσομσφν.
1752 4390 1790 4408 -.-

195 4465 213 4498 α
235 4465 252 4499 α
286 4465 302 4498 α
454 4461 459 4472 ·
623 4465 730 4502 ναυτα.
1048 4465 1100 4498 παν
1138 4465 1160 4499 ω
1177 4465 1277 4500 ισαντα
1312 4465 1346 4500 κα
1404 4465 1418 4502 ο
1502 4465 1548 4500 ντα
1708 4466 1790 4500 πανα-

236 4462 540 4603 ΧΗίίίηΞςιυνδιίύαλε]
562 4464 791 4609 συνςδιεπεροίιώθη.
819 4564 860 4576 -
881 4549 902 4588 ν.
926 4529 972 4598 Ὡς
1013 4463 1211 4608 χωρεῖν,χίνρτίῖι
1225 4465 1529 4610 ἐφορςμάσθαιίξῗίἰύτε
1539 4466 1621 4587 τίλυῦν
1635 4465 1719 4588 ιτόόλθν
1733 4528 1790 4589 οότε

196 4613 300 4672 ἔκαστοι
315 4608 476 4695 εὐπόρησαν]
498 4613 555 4671 όιντί
574 4617 619 4671 τοῦ
639 4617 674 4681 ὡς
690 4614 794 4675 ἕκαστον
816 4617 908 4696 ἔτυχον
926 4620 971 4677 εὖ·
1013 4613 1082 4692 ὁδόν]
1106 4613 1164 4673 ούτε
1184 4613 1255 4673 κατά
1273 4618 1323 4693 γῆν
1343 4614 1402 4674 οὗτε
1421 4613 1464 4674 διὰ
1486 4614 1621 4686 θαλάσσης
1637 4613 1708 4674 πολὺ
1727 4615 1789 4674 ἀπό-

158 4730 184 4769 ⁶0
197 4702 321 4770 πλοῆσαι.
333 4733 374 4744 -
382 4700 603 4777 Παρεκομίζοντο]
619 4700 698 4778 ήγουν
711 4703 905 4781 παραπλέοντες
916 4708 972 4764 ἐκο·
1012 4724 1101 4780 χοντα.

198 4786 378 4863 gistum-³.
389 4785 443 4845 Καὶ
451 4782 660 4867 ἐνταῦθα]ήγουν
671 4790 696 4846 έν
706 4793 744 4869 τῷ
753 4789 908 4870 Ῥηγίῳκ-
916 4794 973 4850 Πα·
1053 4789 1085 4847 L.
1107 4809 1129 4848 2.
1145 4788 1189 4854 Ἐς
1195 4787 1293 4868 Νάξον]
1308 4787 1356 4861 τήν
1370 4787 1519 4860 Σικελικήν.
1531 4823 1571 4833 -
1583 4807 1606 4849 ο.
1620 4787 1790 4868 Βουλόμενοι]
1801 4765 1826 4805 ⁸⁰

199 4875 296 4951 ρεῖχον]
310 4877 332 4931 οἰ
348 4872 464 4950 Ῥηγῖνοι
478 4873 605 4944 δηλονότι.
620 4909 660 4919 -
674 4873 881 4953 Ἇνελκύσαντες]
891 4876 969 4953 ήγυυν
1012 4882 1170 4957 φρονοῦντες.
1182 4912 1222 4921 -
1232 4877 1402 4959 Ἐπικαίρως]
1417 4877 1558 4954 συντόμως,
1567 4877 1743 4956 τεταγμένως,
1752 4910 1791 4922 -

198 4960 228 5016 ἐκ
242 4964 288 5029 τ’ής
301 4959 433 5031 θαλάσσης
448 4963 484 5026 εἰς
494 4960 541 5030 τὴν
557 4958 645 5037 ξηράν.
661 4999 694 5007 -
709 4961 778 5021 Οὐδὲ
795 4967 851 5039 μεθ’
864 4961 971 5043 ἑτέρων]
1013 4984 1035 5023 ι.
1046 4964 1101 5029 Τάς
1112 4963 1273 5035 ἀλλαςναῶς]
1288 4966 1317 5022 οθ
1329 4963 1405 5042 μόνον
1413 4964 1459 5031 τάς
1466 4963 1599 5036 ἑξήκοντα,
1607 4963 1677 5023 ἀλλά
1687 4963 1733 5023 καί
1743 4962 1788 5030 τδς

197 5043 256 5103 οὔτε
268 5044 335 5121 μετὰ
346 5049 398 5103 τῶν
409 5045 549 5118 Ἀθηναίων
561 5046 619 5106 οὔτε
634 5048 701 5125 μετδι
711 5053 763 5107 τῶν
773 5049 969 5131 Συρακουσίων.
1015 5050 1097 5118 ἀλλας
1112 5050 1318 5132 ταραλαόόντες.
1335 5085 1374 5096 -
1387 5050 1442 5120 Τὰς
1456 5050 1549 5123 ἄλλας]
1564 5049 1634 5121 πλήν
1655 5054 1707 5110 τῶν
1719 5052 1788 5110 δέκα.
