3676 5828
579 352 775 413 illsloltlAE
794 351 867 410 ΗΒ.
891 352 943 431 lv,
968 366 1022 415 rae
1036 392 1075 400 -
1091 369 1154 418 ras.

57 495 112 550 τῶν
133 489 269 567 πολεμίοιν
292 485 398 559 δόκησιν
424 484 480 565 ἔχει
504 484 608 566 ἰσχύος,
629 484 724 565 διδαχὴ
748 483 846 556 ἀληθὴς

56 576 256 663 προσγενομένη
270 575 333 657 περί
347 578 433 634 αὐτῶν
448 572 572 655 ἐθάρσυνε
588 576 688 652 μᾶλλον
701 573 761 640 τοὺς
775 576 845 651 ἀμυ-

56 667 194 748 νομένους·
218 658 257 734 οἷς
279 663 308 724 δὲ
335 663 446 744 βεόαίως
470 687 496 721 τι
520 661 659 745 πρόσεστιν
680 660 787 740 ἀγαθόν,
809 661 846 740 μὴ

56 757 186 871 προειδώς
199 780 238 823 τις
252 754 286 815 ἀν
300 755 388 819 αὐτοῖς
402 750 593 833 τολμηρότερον
607 749 789 833 προσφέροιτο.
814 754 845 828 (ο)

57 850 141 909 Ουτοι
155 844 184 904 dd
198 843 248 916 τὴν
262 842 389 921 μελλησιν
405 841 451 919 μὲν
466 840 556 920 έχουσι
570 841 624 907 τοῖς
638 839 754 920 ἀπείροις
769 839 847 922 ροόε-

58 934 121 1015 ράν·
140 932 187 993 καί
206 931 259 1012 γὰρ
279 929 375 1001 πλήθει
394 929 477 1011 όθεως
498 928 576 988 δεινοί
597 929 641 988 καί
663 934 726 1009 βοῆς
745 930 847 1009 μεγέθει

57 1021 204 1105 ἀρόρητοι,
217 1020 236 1092 ἤ
249 1042 278 1079 τε
293 1017 337 1078 tri
355 1022 431 1090 κενῆς
444 1016 612 1083 ἔπανάσεισις
625 1021 676 1076 τῶν
690 1016 778 1076 όπλων
792 1017 847 1098 ἔχει

56 1111 117 1173 τινὰ
131 1112 247 1183 δήλωσιν
262 1109 380 1180 ἀπειλῆς.
403 1105 553 1187 Προτμῖξοιι
566 1104 593 1165 δὲ
607 1111 661 1173 τοῖς
674 1105 847 1184 ὑπομένουσιν

57 1200 126 1261 nabad
145 1202 197 1280 οὐχ
217 1203 316 1276 ὁμοῖοιι
331 1197 390 1256 οὔτε
408 1195 459 1275 γάρ
472 1194 544 1264 τάξιν
564 1195 666 1275 ἔχοντες
686 1198 846 1276 αἰσχυνθεῖεν

58 1291 91 1350 ἂν
110 1292 199 1348 λιπεῖν
217 1285 276 1346 τινὰ
294 1286 384 1367 χώραν
408 1282 568 1363 βιαζόμενοι,
589 1283 607 1355 ἥ
628 1307 656 1341 τε
675 1284 744 1365 φυγὴ
767 1285 812 1343 καί
830 1291 846 1357 ἡ

56 1380 151 1462 {pedor
161 1380 247 1437 αὐτῶν
254 1376 315 1447 ῖσην
325 1374 423 1455 ἔχουσα
433 1373 509 1440 δόξαν
519 1377 565 1431 τοῦ
572 1373 654 1430 καλοῦ
665 1372 847 1453 ἀνεξέλεγκτον

57 1468 105 1527 καὶ
117 1467 148 1526 rb
170 1467 286 1546 ἀνδρεῖον
300 1464 365 1544 ἔχει.
408 1459 587 1540 Αὐτοκράτωρ
602 1458 629 1518 δὲ
649 1459 724 1541 μάχη
740 1463 846 1540 μάλιστ’

57 1556 91 1615 ἂν
100 1556 147 1615 καὶ
157 1555 288 1636 πρόφασιν
297 1558 344 1611 τοῦ
354 1549 483 1620 σώζεσθαί
490 1573 539 1607 τινι
549 1547 699 1627 πρεπόντως
707 1552 846 1633 πορίσειεν.

41 1650 116 1719 ,Ταῦ
128 1669 157 1704 τε
169 1647 195 1711 ἐς
206 1647 297 1724 χεῖρας
308 1644 392 1700 ἐλθεῖν
405 1638 557 1717 πιστότερον
569 1638 600 1696 τδ
611 1639 766 1721 ἕκροῦησειν
779 1644 848 1719 ὑμᾶς

57 1731 204 1799 ἀκινδύνως
213 1737 350 1810 ἡγοῦνται·
359 1727 449 1808 ἐκείνῳ
458 1727 508 1807 γάρ
519 1725 550 1785 ἂν
560 1726 611 1810 πρὸ
620 1727 712 1786 τούτου
722 1731 845 1809 ἐχρῶντο.

58 1826 95 1899 (ο)
119 1825 219 1902 Σαρῶς
235 1842 264 1878 τε
281 1827 336 1876 πᾶν
354 1816 384 1876 τδ
402 1815 573 1898 προϋπάρχον
592 1814 675 1874 δεινόν
693 1817 739 1874 ἀπ’
760 1819 847 1876 αὐτῶν

56 1917 138 1993 θρῖτε
153 1911 222 1990 ἔργῳ
233 1906 281 1987 μὲν
297 1904 382 1987 βραχὺ
397 1905 434 1981 όν,
449 1903 506 1985 ὄψει
520 1903 548 1963 δὲ
562 1904 607 1962 καί
620 1906 686 1983 ἀκοῇ
700 1905 847 1986 κατασπέρ-

57 2022 118 2060 ·ον.
160 1997 199 2059 Ὃ
214 1994 400 2074 ὑπομείναντες
413 1992 607 2073 ἐπιφερόμενον,
622 1990 668 2050 καί
682 1990 744 2050 όταν
758 2016 847 2074 καιρος

56 2024 92 2162 ὑ,
103 2086 197 2167 κόσμῳ
210 2085 256 2145 καί
268 2083 341 2152 τάξει
353 2073 424 2148 αὖθις
438 2079 630 2159 ὑπαγαγόντες,
641 2079 668 2147 ές
681 2105 708 2139 τε
722 2081 751 2140 ab
766 2085 847 2163 ἀσροι·

57 2156 104 2244 λίς
117 2182 214 2235 θᾶσσον
234 2172 371 2257 ἇρίξεσθε,
386 2170 431 2229 καί
453 2169 585 2247 γνώσεσθε
600 2168 630 2227 rb
654 2169 745 2228 λοιπὸν
759 2169 799 2230 ότι
822 2175 846 2230 el

56 2269 173 2325 τοιοῦτοι
187 2262 261 2343 ὄχλοι
274 2265 328 2325 τοῖς
350 2256 398 2336 μέν
411 2255 459 2328 rip
472 2256 580 2339 πρώτην
596 2256 685 2339 ἔροδον
700 2258 847 2337 δεξαμένοις

57 2353 158 2413 ἄποθεν
177 2353 298 2415 ἀπειλαῖς
318 2348 348 2407 τό
363 2349 480 2426 ἀνδρεῖον
500 2347 628 2424 μελλήσει
642 2349 845 2425 ἐπικομποῦσιν,

56 2440 85 2500 οῖ
98 2441 122 2500 δ’
137 2439 170 2500 ἂν
184 2438 285 2508 είξιοσιν
299 2437 403 2513 αὐτοῖς,
418 2433 486 2493 κατὰ
500 2434 583 2502 πόδας
596 2435 625 2493 τὸ
640 2434 753 2516 εὔψυχον
767 2439 794 2495 ἀν
808 2461 846 2495 τω

57 2531 176 2613 ἀσφαλεῖ
187 2527 251 2598 δξεῖς
267 2524 449 2586 ἕνδείκνυνται.
464 2552 475 2574 n

99 2618 242 2680 CXXVII.
264 2617 383 2675 Τοιαῦτα
403 2616 416 2670 ὑ
435 2610 567 2691 Βρασίδας
585 2611 744 2692 παραινέσας
763 2617 846 2693 ὑπῆγε

1618 382 1678 433 tes

891 495 986 544 Etenim
996 511 1157 560 (quascumque
1167 499 1191 549 iu
1202 501 1312 551 hostibus
1324 517 1400 566 quum
1410 519 1434 555 re
1446 519 1502 555 vera
1515 507 1609 558 infirma
1621 510 1678 570 sint,

892 565 984 615 roboris
994 574 1073 618 tamen
1083 570 1188 632 speciem
1197 572 1294 634 liabent,
1303 574 1323 623 si
1333 576 1425 625 rerade
1436 577 1482 626 illis
1491 579 1637 641 experientia
1646 593 1682 629 ae

892 635 971 697 cedat,
979 637 1129 688 adrersarios
1139 642 1214 703 arogis
1224 644 1374 705 mulirmmrb
1381 646 1469 707 quibus
1480 661 1536 696 rere
1546 650 1627 713 aliqua
1636 650 1681 699 lor·

891 706 970 755 titudo
979 714 1116 760 constanter
1125 712 1203 772 adest,
1213 714 1233 762 si
1243 714 1298 775 quis
1306 728 1359 763 earn
1369 719 1425 765 aute
1434 731 1481 766 uon
1491 721 1597 780 noverit,
1605 721 1629 769 in
1639 733 1682 770 ees

891 777 1005 828 audacius
1015 779 1112 829 teratur.
1147 784 1181 843 (5)
1196 785 1239 831 lsti
1249 796 1306 833 vero
1315 785 1430 847 quamdiu
1444 788 1555 838 nondum
1571 790 1681 852 proelium

892 848 987 909 ineunt,
1003 849 1050 899 illls
1062 857 1118 900 sunt
1136 853 1311 916 formidabiles,
1328 856 1369 918 qui
1387 870 1430 906 eos
1441 872 1488 907 non
1502 865 1559 909 sunt
1572 861 1679 923 experti,

893 933 949 968 nam
964 924 988 969 et
1000 921 1053 983 ipso
1064 922 1224 973 multitudinis
1238 931 1336 987 aspectu
1347 934 1403 976 sunl
1415 930 1545 990 terribiles,
1556 936 1581 981 et
1593 932 1678 981 ror-ile·

892 991 990 1040 rationis
1002 993 1165 1054 magnitudine
1178 1000 1234 1044 srrut
1244 998 1420 1060 intolerabiles,
1431 1005 1455 1048 et
1465 1001 1542 1051 inanis
1552 1002 1592 1051 illa
1604 1014 1680 1051 arnm-

892 1074 946 1109 rum
962 1065 1088 1112 concussio
1106 1065 1228 1126 quandam
1245 1069 1365 1116 rniuarum
1383 1069 1580 1131 significationem
1599 1072 1679 1122 babet.

892 1132 939 1182 Sed
954 1133 979 1181 in
995 1134 1049 1196 ipso
1064 1136 1176 1185 coulliclu
1189 1137 1306 1187 aurursus
1325 1154 1380 1201 eos,
1398 1141 1439 1202 qui
1457 1156 1495 1190 res
1514 1143 1573 1193 istas
1590 1143 1683 1192 lortiter

892 1204 1024 1263 sustinent,
1039 1205 1103 1253 lraud
1117 1206 1176 1254 tales
1186 1222 1211 1256 se
1226 1213 1341 1272 prusiam
1349 1226 1356 1269 ;
1371 1224 1446 1272 quum
1461 1213 1525 1260 enim
1538 1212 1631 1261 nullum
1643 1226 1681 1261 er·

892 1272 972 1322 dinem
982 1274 1098 1336 babeant,
1110 1277 1296 1340 lraudqoaquam
1307 1293 1349 1327 eos
1359 1279 1458 1341 pudebit
1469 1284 1548 1331 locum
1558 1283 1682 1344 deserere,

892 1344 912 1391 si
925 1350 1073 1406 premantur,
1083 1352 1107 1395 et
1119 1361 1195 1408 quum
1208 1350 1262 1410 luga
1278 1364 1349 1412 euque
1361 1351 1461 1400 honusta
1472 1357 1496 1402 el
1510 1353 1612 1415 gloriosa
1623 1353 1682 1416 ipsis

892 1413 1001 1464 rideatur
1015 1422 1088 1478 atque
1099 1419 1234 1479 aggressio,
1249 1421 1322 1469 etiam
1336 1421 1500 1471 tortitudinem
1519 1424 1631 1486 relinquit
1648 1424 1682 1472 in·

891 1489 990 1533 certam.
1024 1490 1107 1547 Pugna
1117 1492 1211 1549 autem,
1227 1490 1251 1538 iu
1262 1504 1309 1552 qua
1319 1492 1486 1554 unusquisque
1500 1506 1551 1540 reru
1565 1493 1681 1542 arbitratu

892 1567 936 1604 suo
945 1557 1018 1617 gerit,
1029 1557 1105 1605 cuivis
1118 1559 1189 1606 etiam
1200 1560 1286 1610 salutis
1296 1562 1343 1610 sub
1354 1561 1440 1611 decora
1450 1563 1531 1625 sper-ie
1542 1564 1682 1625 qrrarenrte

890 1628 1041 1676 occasionem
1053 1627 1164 1679 facillime
1175 1631 1288 1692 praebeat.
1322 1633 1456 1695 Tatiusque
1468 1633 1621 1694 eristinrant,
1636 1647 1681 1683 uos

891 1696 942 1745 sine
954 1697 1060 1760 periculo
1069 1711 1114 1746 suo
1125 1699 1279 1762 terrefacere,
1289 1714 1362 1763 quam
1372 1703 1496 1752 uobiscum
1506 1703 1536 1752 ad
1547 1717 1633 1753 luanus
1642 1717 1681 1754 ve·

890 1767 954 1826 nire;
967 1767 1071 1830 alioquin
1084 1768 1147 1817 euim
1160 1770 1205 1819 bae
1214 1771 1295 1834 potins
1306 1786 1378 1835 quam
1390 1773 1430 1821 illa
1442 1775 1533 1823 ratione
1546 1777 1678 1823 atterentur.

892 1838 924 1899 (u)
938 1840 1046 1900 lienique
1058 1839 1173 1901 quicquid
1190 1842 1287 1909 terreris
1300 1843 1416 1892 lracteuus
1434 1843 1503 1893 robis
1514 1844 1545 1892 ab
1558 1844 1587 1893 iis
1603 1845 1683 1894 incus·

891 1922 945 1957 sum
962 1914 1012 1970 est,
1024 1909 1149 1960 manifeste
1166 1912 1255 1978 videtis
1267 1926 1292 1962 re
1304 1914 1401 1976 quidem
1416 1914 1467 1977 ipsa
1485 1915 1536 1964 leve
1553 1929 1621 1977 esse,
1638 1915 1681 1967 sed

822 1993 829 2015 ν
891 1985 989 2041 aspectu
1010 1984 1104 2029 tantum
1122 1986 1147 2030 et
1165 1983 1249 2031 auditu
1268 1984 1397 2033 incessere.
1442 1985 1513 2042 erod
1530 1986 1643 2048 ingruens
1662 1999 1683 2036 οι

891 2051 1067 2110 sustinueritis,
1085 2057 1109 2101 et
1125 2067 1201 2114 quum
1221 2058 1316 2116 tempus
1336 2054 1419 2115 luerit,
1436 2056 1533 2106 militari
1555 2056 1683 2120 disciplina

892 2121 1064 2183 ordinibusque
1081 2124 1196 2183 serratis,
1214 2130 1277 2174 retro
1293 2138 1337 2173 vos
1350 2125 1527 2186 subduxeritis,
1546 2132 1570 2176 et
1586 2127 1610 2175 iu
1628 2127 1683 2177 loca

891 2195 944 2239 tuta
963 2192 1036 2240 citius
1054 2193 1209 2254 pervenietis,
1226 2197 1250 2242 et
1270 2195 1419 2256 cognoscetis
1437 2194 1617 2258 inposterum,
1638 2196 1683 2245 bu·

888 2261 994 2322 jusmodi
1010 2262 1092 2312 turbas
1108 2264 1155 2312 illis
1171 2263 1283 2325 quidem,
1300 2265 1343 2328 qui
1360 2266 1463 2327 primurn
1475 2267 1592 2330 impetum
1609 2268 1683 2316 susti*

890 2335 999 2394 uuerint,
1016 2335 1080 2383 inani
1100 2336 1219 2384 minarum
1237 2336 1337 2399 strepitu
1352 2337 1516 2387 tortitudinem
1530 2343 1586 2388 ante
1599 2339 1681 2388 caulli-

827 2440 844 2454 ν
890 2409 956 2453 etum
967 2405 1061 2454 eminus
1070 2410 1201 2465 ostentare,
1210 2407 1257 2456 illis
1268 2419 1334 2466 rere,
1345 2407 1387 2469 qui
1400 2408 1458 2470 ipsis
1469 2410 1595 2469 cesserint,
1606 2409 1681 2459 animi

832 2496 837 2516 ι
891 2475 1056 2524 strenuitatem
1067 2490 1114 2525 nou
1127 2477 1173 2526 uisi
1184 2478 1338 2541 insequentes
1350 2477 1410 2526 eitra
1421 2478 1554 2540 periculum
1566 2492 1632 2529 acres
1643 2493 1681 2529 er·

891 2545 981 2595 bibere.
993 2566 1005 2587 ιι

925 2636 1041 2685 cllltvll.
1059 2635 1170 2684 lirasidas
1180 2648 1237 2685 suos
1248 2634 1287 2684 bis
1297 2635 1378 2684 verbis
1388 2635 1541 2697 adhortatus,
1552 2636 1683 2687 exereitum

56 2707 90 2767 τό
103 2704 265 2787 στράτευμα.
296 2703 331 2761 Ol
345 2702 372 2759 δὲ
388 2698 515 2780 βάρὸαρνι
529 2698 625 2767 ἰδόντες
639 2702 725 2781 πολλῇ
738 2705 786 2780 βοῇ
802 2702 846 2760 καί
890 2719 1037 2782 pedetentim
1054 2723 1192 2773 reducebat.
1232 2724 1330 2774 Barbari
1348 2728 1429 2773 autem
1449 2725 1495 2774 lroe
1512 2725 1682 2776 animadverso

56 2794 164 2877 bopo'Gqs
178 2789 359 2873 προσέκειντο,
372 2786 525 2865 νομίσαντῑς
545 2785 649 2868 φεύγειν
663 2812 691 2846 τε
706 2789 785 2847 αὐτὸν
801 2790 847 2848 καί
890 2821 975 2870 magna
993 2808 1160 2859 vociteratione
1176 2823 1204 2858 ae
1218 2810 1324 2861 tumultu
1338 2810 1495 2871 ingruebant,
1511 2812 1679 2863 existimantes

56 2879 256 2946 καττλαόόντες
274 2877 440 2959 διαρθείρειν.
483 2878 513 2953 (2)
537 2875 590 2935 Καὶ
608 2879 644 2943 ὡς
664 2878 752 2944 αὐτοῖς
773 2877 846 2936 αἵτε
890 2903 946 2938 eum
961 2892 1054 2953 lugere,
1069 2897 1173 2952 etase,
1191 2892 1211 2941 si
1228 2905 1283 2941 eum
1295 2893 1400 2943 assecuti
1418 2897 1512 2953 essent,
1531 2892 1683 2943 interiectum

56 2969 188 3052 ἐκδρομαὶ
202 2969 255 3039 ὅπη
269 2966 457 3049 προσπίπτοιεν
478 2963 610 3038 ἀπήντων,
626 2964 671 3023 καὶ
687 2966 763 3032 αὐτὸς
778 2965 846 3046 ἔχων
891 2971 927 3020 iri.
954 2972 988 3034 (a)
1002 2971 1682 3036 sedquumetexcursores,quecunqucimpressionem

55 3058 118 3126 rob<
136 3028 252 3136 χννάδτξ
270 3051 447 3131 temeratione
471 3052 612 3132 ὑφίστατο,
639 3057 672 3133 τῇ
697 3077 725 3112 ττ
752 3054 845 3136 πρώτῃ
891 3054 1008 3114 lacerent,
1022 3055 1052 3104 iis
1072 3059 1237 3115 occurrerent,
1252 3060 1278 3103 et
1293 3056 1344 3118 ipse
1361 3069 1418 3106 cum
1433 3056 1527 3107 delecta
1546 3071 1618 3107 mauu
1641 3072 1683 3109 eos

55 3149 129 3228 ρρμῆ
143 3142 220 3224 παρὰ
237 3141 345 3220 Υ,ν’,γννγν
359 3139 520 3212 ἀντέστησαν
539 3140 585 3199 ντὶ
598 3140 628 3198 τὸ
642 3141 734 3199 λωτὸν
753 3144 847 3224 ἐπνῩτ.
890 3137 1030 3186 invadentes
1041 3115 1184 3199 sustineret,
1194 3152 1221 3187 ac
1231 3143 1319 3201 praeter
1328 3139 1435 3201 ipserum
1444 3139 1581 3202 opinionem
1593 3140 1679 3192 adver·

56 3231 184 3316 ρομένους
193 3228 240 3310 μὲν
253 3229 387 3310 δεχόμενοι
399 3227 527 3300 ἠαύνοντο
538 3227 723 3307 ἡσυχαζόντων
734 3229 760 3288 δὲ
774 3230 847 3290 αὐτοὶ
891 3219 1042 3282 susprimum
1051 3220 1167 3283 impetum
1177 3220 1329 3281 restitissent,
1338 3225 1362 3269 et
1370 3221 1682 3285 quumdeiucepsipsorum

292 3298 300 3310 ⁴
316 3284 320 3305 Ι
419 3288 424 3306 Ι

55 3318 223 3400 523qu,
236 3317 294 3377 τότε
309 3317 341 3388 δὴ
356 3320 407 3375 τῶν
422 3316 489 3393 μετὰ
503 3322 548 3376 τοῦ
564 3316 695 3397 Βρασίδου
710 3317 846 3390 Ἑχχχνων
891 3304 1138 3367 quidemirruentiom
1148 3305 1266 3367 impetum
1275 3304 1422 3368 excipientes
1431 3304 1611 3368 propulsarent,
1621 3306 1683 3370 ipsis

55 3412 85 3468 ἐν
98 3412 134 3479 τῆ
149 3405 298 3488 εὐρυχωρία
313 3409 336 3464 οἱ
350 3403 444 3463 πολλοὶ
457 3409 508 3463 τῶν
525 3403 666 3486 βαρῦάρων
681 3405 846 3487 ἀπέσχοντο,

57 3476 138 3576 μέρος
158 3494 188 3555 δέ
200 3518 226 3553 τι
246 3491 434 3560 καταλιπόντες
449 3495 536 3561 αὐτοῖς
555 3494 748 3553 ἐπακολουθοῦν
762 3519 847 3576 προσ-

57 3584 182 3661 camis,
204 3586 229 3642 ol
255 3580 343 3641 λοιποὶ
360 3580 530 3660 χωρήσαντες
558 3579 647 3662 δρόμῳ
669 3580 714 3639 ἐπί
740 3606 768 3641 τε
789 3584 848 3651 τοὺς

57 3672 203 3755 ρεὺγοντας
215 3675 266 3730 τῦιν
281 3668 450 3739 Μακεδόνων,
463 3660 500 3736 οἷς
512 3666 654 3748 ἐντύχοιεν,
667 3669 788 3744 ἔκτεινον,
802 3696 847 3731 και

57 3760 107 3833 τὴν
121 3758 248 3836 ίσόολάνν,
263 3758 281 3830 ἤ
296 3760 352 3817 ἐστι
367 3755 465 3836 μεταξὺ
480 3758 550 3815 δυοῖν
564 3757 653 3839 λόροιν
668 3757 744 3829 στενὴ
760 3762 785 3825 ἐς
799 3759 847 3832 τὴν

892 3397 949 3434 vero
961 3386 1112 3434 cessantibus
1125 3384 1210 3448 pedem
1223 3386 1351 3448 referrent,
1370 3392 1428 3437 tunc
1439 3400 1497 3438 rere
1508 3387 1617 3451 plerique
1628 3389 1681 3439 bar·

891 3471 1002 3520 bererum
1023 3470 1158 3531 aeraeets,
1175 3469 1216 3533 qui
1233 3483 1288 3519 crim
1307 3471 1406 3521 Brasida
1425 3471 1448 3520 in
1470 3471 1529 3521 locis
1545 3471 1683 3534 patentibus

891 3560 972 3614 erant,
983 3553 1164 3615 abstinuerunt,
1182 3552 1224 3602 sed
1240 3554 1344 3616 quadam
1358 3568 1457 3604 suarum
1473 3555 1599 3617 copiarum
1615 3559 1683 3618 parte

837 3672 843 3691 ,
892 3636 986 3698 relicta,
1007 3649 1062 3698 quae
1080 3649 1122 3685 eos
1140 3636 1256 3686 abeuntes
1270 3636 1435 3698 insectaretur,
1452 3636 1525 3686 ceteri
1536 3649 1610 3686 cursu
1626 3650 1682 3687 eeu·

892 3716 1020 3765 tenderunt
1031 3718 1056 3765 iu
1065 3716 1182 3778 fugientes
1193 3716 1349 3778 Macedones,
1359 3730 1462 3778 quorum
1475 3721 1502 3765 ut
1518 3717 1542 3765 in
1559 3730 1681 3780 quemque

783 3841 798 3854 .
891 3799 1041 3862 incidebant,
1054 3813 1110 3851 eum
1121 3799 1272 3849 trucidabant
1278 3836 1286 3861 ,
1296 3805 1321 3850 et
1330 3804 1444 3862 angustas
1453 3799 1536 3851 lauces
1546 3800 1607 3851 inter
1618 3800 1682 3851 dues

58 3847 225 3930 Ἀρριδαίου,
235 3845 380 3928 φθάσαντες
389 3845 597 3927 προκατελαόον,
607 3845 701 3913 εἰδότες
710 3849 757 3905 οὐκ
769 3854 848 3906 οὖσαν

891 3884 964 3933 colles
973 3884 1045 3943 sitas,
1054 3897 1101 3946 qua
1110 3887 1176 3945 patet
1185 3883 1264 3933 aditus
1271 3884 1295 3933 in
1304 3884 1420 3934 Arrbibmi
1430 3884 1503 3945 lines,
1514 3884 1583 3934 ocius
1593 3897 1681 3947 praeoc-

62 3938 146 4009 ὓλην
160 3939 198 4017 τῷ
212 3934 330 4016 Βρασίδᾳ
345 3934 522 4014 ἀναχώθθσῑν·
565 3935 619 3993 Καὶ
633 3936 784 4016 προσιόντος
798 3940 848 3995 αὖ·
891 3969 1023 4028 cuparum,
1034 3965 1090 4028 quia
1100 3965 1218 4024 sciebant,
1229 3964 1319 4014 nullam
1329 3965 1400 4015 aliam
1410 3978 1464 4015 esse
1475 3966 1555 4026 viam,
1567 3979 1615 4028 qua
1625 3967 1682 4014 lira·

62 4030 107 4083 2⁹⁷3
126 4027 153 4091 ἒς
172 4023 235 4082 αὖτθ
253 4023 305 4096 ἤδη
325 4023 355 4082 τί)
376 4022 474 4101 ἄπορον
494 4026 541 4093 τῆς
559 4024 618 4081 θθῡῧ
638 4025 794 4082 κυκλοῦνται
814 4030 848 4092 ὡς
892 4046 957 4095 sides
973 4059 999 4095 se
1015 4046 1120 4109 recipere
1136 4052 1227 4108 posset.
1260 4050 1339 4109 Atque
1355 4059 1431 4108 quum
1447 4046 1571 4096 accederet
1585 4046 1636 4109 iam
1651 4045 1682 4095 ad

68 4111 268 4189 ἀποληψόμενοι.
892 4129 968 4190 ipsam
979 4128 1093 4177 transitus
1104 4126 1269 4178 difficultatem
1284 4133 1310 4178 ut
1321 4127 1475 4190 intercepturi
1491 4127 1680 4178 circumsistunt.

104 4200 262 4260 clxviii.
285 4197 320 4259 Ὁ
342 4197 369 4256 δὲ
389 4195 465 4276 γνοὺς
487 4205 595 4278 προεῖπε
614 4199 667 4265 τοῖς
692 4199 747 4275 μεθ’
769 4203 848 4260 αὑτοῦ
923 4209 1287 4270 cxxvfl1.rllerer0,lraere
1301 4210 1533 4272 cognita,treeentis
1545 4210 1604 4271 illis,
1619 4223 1682 4274 ques

73 4286 234 4363 τριακοσίας,
248 4285 277 4345 δν
290 4284 356 4368 ᾤετο
371 4286 472 4364 μᾶλλον
487 4283 519 4343 ἀν
534 4287 599 4343 ἑλεῖν
614 4290 665 4343 τῶν
680 4286 776 4368 λό’ρων,
790 4312 847 4367 χω·
892 4311 974 4348 secum
988 4297 1102 4358 ducebat,
1114 4299 1240 4361 precepti,
1258 4297 1384 4347 utineam
1396 4297 1495 4358 collem,
1505 4310 1577 4359 quem
1588 4297 1681 4347 lacillus

78 4371 194 4448 ρί-,ταντας
206 4373 270 4454 πρὸς
285 4372 362 4432 αὑτὸν
379 4371 482 4454 δρόμῳ,
497 4375 532 4438 ὡς
549 4373 663 4451 τάχιοτα
678 4373 786 4443 ἕκαστος
801 4375 848 4435 δά·
891 4398 944 4434 ase
954 4388 1051 4447 captum
1068 4385 1095 4433 iri
1109 4385 1224 4447 putabat,
1236 4398 1308 4435 cursu
1325 4384 1511 4446 contendentes,
1524 4388 1616 4447 quanta
1631 4398 1680 4434 ma·

80 4478 159 4530 νοττι,
176 4459 235 4520 ἄνευ
258 4460 368 4533 τάξεως,
390 4468 515 4540 πειρᾶσαι
540 4461 587 4517 ἀπ’
609 4464 687 4519 αὐτοῦ
708 4464 848 4544 ἐκκροῦσαι
891 4473 956 4521 rima
966 4473 1070 4536 quisque
1081 4473 1201 4522 celeritate
1211 4477 1304 4536 posset,
1317 4473 1383 4523 nulle
1393 4473 1477 4523 ordine
1489 4476 1583 4522 servate
1595 4472 1680 4522 barba·

84 4543 133 4610 ῖνθτ
146 4546 192 4620 ἤδη
211 4549 330 4616 ἐπιόντας
350 4548 514 4631 βαρόάρους,
528 4548 588 4629 πρίν
608 4549 653 4607 καί
672 4548 720 4621 τὴν
741 4551 848 4610 πλείονα
892 4574 932 4610 ros
946 4560 996 4621 jam
1013 4565 1095 4609 ouutra
1114 4573 1141 4609 se
1158 4562 1282 4611 venientes
1300 4561 1364 4610 illine
1382 4561 1509 4611 deturbare
1529 4565 1680 4621 conarentur,

87 4630 195 4694 ῐθκλυαιν
216 4640 287 4719 σριῦν
309 4639 405 4696 αὐτόσε
425 4636 577 4717 προσμῖξαι.
621 4639 653 4716 (α)
675 4637 731 4697 Καὶ
754 4641 778 4697 et
801 4639 848 4717 μὲν
893 4647 1034 4711 priusquam
1050 4649 1126 4710 rnajor
1142 4663 1256 4699 numerus
1268 4649 1423 4699 barbarorum
1430 4685 1438 4711 ,
1456 4649 1498 4711 qul
1511 4662 1568 4699 sues
1579 4649 1680 4698 circum·

88 4722 254 4796 πρ’νσντετόντες
267 4724 416 4806 ἐκράτησάν
431 4748 460 4782 τε
479 4728 530 4782 τῶν
545 4725 588 4782 ἐπὶ
602 4732 647 4783 τοῦ
661 4725 757 4807 λόγου,
772 4727 817 4785 καὶ
831 4732 848 4798 ἡ
893 4741 1010 4786 venturus
1020 4742 1083 4797 erat,
1096 4750 1125 4786 eo
1136 4737 1275 4787 conllueret.
1301 4736 1334 4799 (a)
1347 4742 1424 4800 Atque
1434 4737 1467 4786 illi
1478 4736 1575 4799 quidem
1584 4736 1679 4799 eosqui

91 4803 168 4866 abbo
183 4813 231 4884 ἤδη
250 4810 361 4894 στρατιδι
380 4815 433 4870 τῶν
452 4810 588 4882 Ἑλλήνιον
609 4817 669 4893 ῥᾷον
688 4812 753 4893 πρὸς
772 4814 849 4873 αὐτὸν
893 4826 916 4873 in
925 4826 984 4874 colle
993 4830 1072 4885 eraut,
1083 4825 1240 4885 impressione
1250 4825 1312 4874 lucta
1324 4828 1478 4886 superarunt,
1489 4829 1562 4886 utque
1572 4823 1679 4886 reliquus

93 4888 230 4972 ίῖθρίίνντο·
245 4903 268 4960 οἱ
282 4899 333 4980 γάρ
349 4898 480 4980 βάρόαρυι
494 4900 538 4957 καὶ
555 4901 721 4981 ἐροόήθησαν
735 4906 781 4974 τῆς
794 4925 849 4982 τρο·
894 4916 1032 4962 ῦπιιοοιιιιιι
1043 4913 1164 4961 exercitus
1175 4912 1200 4960 in
1216 4925 1271 4960 eum
1283 4913 1367 4961 mitem
1378 4912 1427 4973 jam
1440 4911 1533 4961 facilius
1546 4911 1610 4972 ibrt5
1625 4911 1679 4960 bar·

94 4980 136 5047 ἦν
143 4985 215 5056 αὑτοῖς
225 4992 336 5048 ἐνταῦθα
346 4987 486 5067 γενομένης
497 4991 567 5068 σρῶν
581 4988 633 5046 ἀπὸ
644 4994 690 5047 τοῦ
703 4989 848 5069 μετεώρου,
894 5001 946 5050 bari
959 5000 1022 5049 enim
1035 5000 1110 5048 territi
1123 5005 1194 5060 sunt,
1206 5000 1256 5048 suis
1274 4999 1321 5048 illie
1338 5000 1362 5048 iu
1377 4998 1456 5059 lugam
1473 5012 1501 5047 er
1514 4999 1614 5049 editiore
1627 5000 1680 5049 loro

95 5064 161 5137 ²⁴13<
176 5075 303 5136 τδπλεῖον
324 5077 408 5135 οὐκέτ’
422 5074 623 5148 ἐπηκολούθουν,
638 5077 785 5154 νομίζοντες
804 5077 849 5135 καί
894 5087 1007 5148 dejectis,
1018 5099 1061 5136 nee
1072 5085 1173 5136 ulterius
1185 5090 1280 5136 erasos
1297 5091 1353 5136 sunt
1370 5086 1503 5148 persecuti,
1519 5086 1584 5150 quod
1600 5100 1641 5136 ees
1654 5089 1678 5137 in

97 5152 121 5209 θ
131 5165 236 5244 μεθορίοις
249 5157 316 5228 εῖναι
333 5164 425 5233 αὑτοὺς
437 5165 488 5238 ἤδη
503 5165 548 5223 καὶ
566 5163 773 5244 διαπεφευγέναι.
818 5167 848 5244 (al
894 5175 1020 5238 agriamici
1028 5173 1191 5237 confiniisjam
1199 5186 1266 5236 esse,
1279 5179 1303 5225 et
1312 5173 1419 5225 erasisse
1430 5173 1608 5226 arbitrarentur.
1643 5175 1676 5237 (al
