3676 5828
700 322 1067 400 senouA.v,20-2r.
1670 351 1707 406 9,

191 452 668 592 ὐῶίἑέὐῖῖίύῶῖὐίύύύῖἷ
919 451 1625 627 {3323233125012⁸53&:²3021‘33522223?
1625 460 1702 619 ἰλῖζ

100 670 139 682 ..
149 632 288 714 Φερούσας
297 630 340 690 τδν
352 627 442 709 φόρον]
459 627 577 693 διδούσας
586 626 616 686 τδ
627 625 730 698 ἐτήσιον
745 625 826 693 τέλος.
840 661 880 671 -
919 627 999 686 ναίων
1018 631 1047 687 οὐ
1063 625 1159 694 δεινούς
1172 618 1238 686 εἶναι
1253 597 1483 705 Λακεδαιμύνίους.
1498 631 1562 708 πρδς
1577 633 1661 714 τούτιρ
1674 632 1702 693 δέ

99 723 152 785 Τὸν
168 721 210 780 ἐπ’
226 716 395 799 Ἀριστείδου]
410 713 539 794 ταχθέντα
553 713 681 786 δηλονότι.
697 748 738 758 --
752 712 879 794 Ἀριστεί-
920 715 966 774 καὶ
988 714 1036 787 τῆν
1051 716 1133 788 άλλην
1148 716 1349 788 Πελοπόννησον
1366 721 1389 776 οί
1404 718 1607 795 Λακεδαιμόνιοι
1622 719 1703 801 ᾤοντο

72 827 85 864 ο
101 812 157 888 δου]
170 814 216 868 τοῦ
228 803 456 888 στρατηγήσαντος
467 805 493 861 ἐν
507 804 657 869 Πλαταιαῖς
671 800 714 860 ἐπὶ
725 804 777 859 τῶν
792 802 880 873 Μηδι·
920 804 1071 883 ἡσυχάζειν,
1088 805 1233 883 γενομένων
1251 808 1303 863 τῶν
1318 807 1446 868 σπονδῶν.
1487 809 1510 866 εἰ
1525 805 1576 887 γδιρ
1594 806 1631 886 μὴ
1646 812 1730 887 ἐγε-ο

100 904 162 971 κῶν,
178 902 225 956 τοῦ
239 891 377 967 κληθέντος
394 890 509 963 δικαίου,
527 895 572 949 τοῦ
588 893 643 949 υίοῦ
658 888 825 967 Λυσιμάχου.
839 918 879 932 -·-
919 892 1039 969 γόνεσαν,
1060 892 1129 952 άλλδι
1147 893 1205 963 ἐξῆν
1219 894 1378 972 προςχωρεῖν
1392 896 1445 961 τοῖς
1465 894 1622 974 Ἀθηναίοις,
1644 895 1705 963 τούς

99 986 193 1048 Ὅπλα
212 981 239 1042 δέ
261 979 298 1060 μή
317 979 456 1057 έξέστω...]
478 976 523 1035 ἐὰν
544 976 687 1035 ἀποδιδῶσι
705 976 749 1034 τδν
764 974 840 1056 φόρον
855 976 880 1033 οἰ
919 1002 948 1037 τε
974 979 1103 1060 Ἀργείους
1124 978 1170 1038 καί
1193 977 1254 1047 τούς
1278 979 1397 1060 Ἀχαιούς
1418 981 1483 1062 πρὸς
1503 982 1651 1055 Ἀθηναίους
1673 983 1705 1042 ἂν

100 1073 237 1152 ωίμμαχοι
247 1076 302 1136 τοῖς
314 1065 469 1139 Ἀθηναίοις,
485 1062 555 1122 ὅπλα
570 1061 607 1141 μή
619 1061 814 1144 ἐπιφερέτωσαν
827 1065 877 1121 αὐ·
921 1069 1079 1138 ἀποστῆναι.
1098 1102 1139 1112 -
1156 1067 1332 1147 Νομίσαντες]
1350 1071 1379 1127 ἐκ
1390 1069 1572 1150 παραλλήλου.
1587 1106 1627 1117 -
1638 1073 1706 1133 Χω-

99 1163 153 1228 τοῖς
170 1163 194 1218 οἰ
213 1158 342 1229 Ἀθηναῖοι
361 1150 429 1232 μετὰ
445 1151 492 1218 τὰς
510 1151 631 1218 σπονδάς·
650 1184 688 1196 -
707 1150 771 1211 Ἐπί
792 1151 878 1232 κακῷ]
920 1157 985 1237 ρεῑν]
1000 1154 1060 1222 τούς
1074 1155 1309 1226 Πελοποννησίους.
1324 1191 1362 1200 -
1373 1175 1395 1215 ε.
1410 1157 1515 1237 λόγων]
1526 1158 1704 1235 συμύατικῶν.

60 1265 86 1305 ιο
100 1252 152 1307 τῶν
166 1245 277 1305 πόλεων.
291 1277 332 1288 -
345 1237 530 1300 Ἀποδιδύντων
547 1237 591 1297 τδν
604 1236 694 1319 φόρον]
708 1241 760 1296 τῶν
777 1236 880 1318 ἀνθρύ-
960 1246 1067 1304 ΚΧΙΠ.
1089 1247 1115 1304 Τ
1116 1243 1198 1316 αύτην
1211 1242 1260 1316 τῆν
1272 1242 1358 1316 πόλιν]
1372 1248 1425 1304 τῶν
1438 1248 1526 1313 κακῶς
1538 1246 1705 1319 ποιησάντων
1722 1263 1747 1300 Ιυ

99 1359 156 1395 πων
163 1337 215 1393 τῶν
223 1335 250 1391 ἐν
259 1338 316 1397 ταῖς
325 1327 506 1387 πόλεσι.-7.
515 1324 686 1397 Ἀποδόντων]
698 1323 878 1384 άποδύτωσαν.
919 1328 978 1396 τοὺς
996 1330 1226 1408 Λακεδαιμονίους.
1248 1365 1289 1375 -
1308 1330 1496 1393 Καταλύεεν...
1517 1333 1597 1414 άμφω
1609 1332 1648 1393 τὼ
1663 1335 1708 1393 πό

99 1460 140 1471 —-
156 1418 334 1503 Κορυφάσιον]
352 1414 399 1487 τῆν
417 1412 506 1476 Πύλον
524 1410 605 1492 λέγει.
623 1447 665 1459 -
682 1413 731 1473 Ἔν
744 1415 783 1493 τῷ
798 1414 881 1490 δημο-
919 1419 976 1498 λεε]
997 1418 1097 1491 λείπει,
1121 1418 1168 1491 τῆν
1188 1420 1349 1480 ἐπελθοῦσαν
1367 1419 1454 1481 πολιν.
1468 1455 1509 1466 -
1522 1440 1544 1481 ο.
1565 1423 1619 1482 Ἢν
1636 1419 1665 1481 δί
1690 1428 1707 1493 ἡ

100 1512 158 1594 αέῳ]
171 1513 197 1570 έν
211 1511 249 1589 τῷ
264 1502 444 1584 δεσμωτηρίῳ.
455 1536 497 1547 -
512 1498 590 1562 Κατδε
602 1497 698 1582 ταύτά]
715 1500 795 1579 ἤγουν
809 1497 880 1558 mr&
921 1504 1025 1565 δουλεία
1039 1508 1226 1585 ἐπανιστῆται]
1241 1505 1299 1565 α’ντί
1312 1511 1372 1580 τοῦ,
1385 1504 1418 1577 ἤν
1431 1506 1459 1566 δέ
1470 1511 1494 1566 οἰ
1509 1506 1626 1575 Εἵλωτες
1639 1513 1708 1568 ἐπα-

99 1599 148 1673 τῆν
162 1595 254 1676 ὁμοίαν
267 1589 429 1674 συμφωνίαν.
445 1610 514 1650 -ο,
530 1588 584 1649 Τδν
595 1589 729 1668 μέγιστον]
742 1587 823 1664 ἤγουν
835 1586 879 1647 τδν
920 1593 1068 1655 νίστωνται.
1089 1594 1170 1673 ἤγουν
1194 1595 1224 1653 τδ
1246 1596 1345 1666 πλῆθος
1365 1598 1418 1653 τῶν
1436 1594 1545 1656 δούλων.
1565 1631 1605 1644 -
1623 1597 1710 1657 Παντὶ

61 1708 86 1746 ιο
101 1684 280 1768 ἰσχυρότατον.
294 1715 335 1727 -
350 1700 384 1740 11.
395 1676 474 1757 Ὅπῃ
486 1676 519 1736 ἂν
531 1677 606 1758 δοκῇ]
622 1676 701 1755 ’ἰγθνν
713 1679 748 1743 ὡς
759 1673 791 1734 θν
805 1678 878 1757 δοκῇ.
921 1679 1004 1742 σθένει
1018 1678 1088 1741 κατὰ
1100 1680 1131 1740 τδ
1144 1680 1266 1761 δυνατόν]
1278 1680 1359 1760 ἤγουν
1374 1679 1444 1740 κατά
1454 1686 1503 1760 γῆν
1517 1682 1563 1741 καῖ
1577 1682 1646 1741 κατὰ
1660 1683 1708 1743 θά-
1727 1707 1749 1743 ιι

140 1778 201 1837 XX.
222 1773 273 1834 Ἐκ
292 1765 445 1837 Διονυσίων]
468 1765 547 1844 ἤγουν
568 1761 635 1842 μετδι
653 1762 702 1837 ιῆν
723 1763 815 1845 ίορτῆν
835 1769 881 1823 τοῦ
921 1771 1034 1830 λασσαν.

101 1861 235 1926 Διονύσου.
254 1892 295 1906 -·
314 1856 525 1924 Αὐτοδικαετῶν]
545 1852 705 1933 ὁλοκλήρων.
723 1851 787 1933 πρύτ
803 1850 881 1933 ἇκρί-
961 1858 1066 1917 XXIV.
1088 1876 1110 1915 ι.
1133 1856 1210 1916 Μετὰ
1223 1854 1270 1923 τδς
1277 1855 1402 1935 σπονδάς]
1417 1854 1463 1923 τδις
1477 1853 1564 1923 κοινάς
1577 1856 1709 1930 δηλονότι,

101 1952 184 2012 ύειαν.
198 1952 214 2026 §
228 1946 360 2007 τουτέστιν
375 1946 402 2002 ἐν
418 1943 492 2021 ἀκμῇ
506 1944 558 1999 τῶν
573 1939 636 2000 δέκα
648 1942 721 1999 ίτῶν.
736 1973 775 1984 -
789 1941 881 2021 Παρε·
921 1934 957 2002 ῶν
968 1951 1088 2022 μετεῖχον
1099 1942 1145 2002 καί
1153 1945 1177 2002 οἰ
1187 1941 1334 2022 σύμμαχοι.
1343 1943 1461 2011 -Τούς
1470 1946 1501 2003 ἐκ
1509 1948 1556 2015 τῆς
1565 1944 1657 2025 νήσου]
1665 1947 1711 2018 λη-

101 2035 259 2118 νεγκουσῶν]
269 2033 464 2114 παρελθουσῶν.
476 2061 511 2072 -
522 2046 544 2086 ².
556 2026 611 2087 Καί
622 2027 673 2107 μή]
683 2025 825 2095 πιστεύσας
832 2026 881 2100 τὴν
922 2029 1708 2112 φθένταςδηλονότι.-Ξυνεχύ“ις]άδιαστάτως,συνημμένως.

58 2149 88 2186 ου
102 2124 291 2206 ἀπαρίθμησιν.
304 2153 342 2164 ·-
354 2115 553 2194 Σημαινόντων]
567 2114 702 2193 σημασίαν
712 2115 757 2173 καί
767 2114 881 2187 δήλωσιν
962 2121 1050 2180 XXV.
1064 2119 1198 2177 Διειιίνουν
1212 2117 1246 2176 τά
1259 2118 1445 2199 πεπραγμένα]
1457 2117 1583 2178 κατέλυον
1597 2118 1709 2180 τὰκατδ
1723 2139 1751 2177 εο

101 2213 233 2273 διδόντων.
248 2243 285 2255 -
296 2210 337 2269 Οὐ
347 2205 399 2286 γδιρ
413 2202 520 2284 άκριύές
534 2205 603 2262 ἐστιν
616 2209 666 2275 ...]
677 2203 756 2281 ἤγουν
771 2206 806 2262 άκ
824 2202 882 2277 ιύἤς
921 2204 969 2274 τδις
983 2204 1105 2271 σπονδάς.
1119 2235 1147 2244 -
1160 2224 1182 2264 ο.
1199 2204 1253 2263 Καὶ
1268 2204 1336 2284 ἅμα]
1351 2204 1398 2264 σύν
1412 2204 1505 2287 τούτῳ.
1517 2246 1550 2258 -
1563 2205 1709 2287 Ὕποπτοι]

100 2309 119 2376 ἤ
133 2297 242 2373 ἀλήθειά
261 2300 330 2356 ἐστιν
347 2293 400 2352 ἀπὸ
417 2296 469 2351 τῶν
489 2290 632 2372 ἀνθρώπων
654 2291 772 2370 ἐκείνων,
786 2226 824 2359 οἰή
836 2290 882 2350 καὶ
922 2293 1003 2373 ἤγουν
1017 2292 1145 2374 διάφοροι.
1159 2322 1190 2333 -
1200 2291 1233 2352 Ἀ
1247 2292 1347 2374 είρητο]
1361 2296 1387 2352 έν
1405 2298 1463 2362 ταῖς
1478 2296 1612 2363 σπονδαῖς.
1634 2332 1675 2345 --
1686 2317 1710 2358 ο.

101 2387 256 2472 ἀρχομένοις
276 2384 365 2462 (ἤγουν
379 2385 406 2442 ἐν
422 2385 454 2461 τῇ
471 2383 542 2460 ἀρχῇ
558 2369 616 2439 ούσε
631 2384 678 2438 τοῦ
693 2379 820 2457 πολέμου]
836 2378 882 2439 καί
924 2379 979 2441 Καί
990 2380 1034 2441 ἐπί
1051 2379 1078 2448 ἓξ
1094 2378 1139 2450 ίτη
1151 2377 1199 2458 μέν
1209 2379 1254 2438 καί
1267 2378 1330 2439 δέκα
1346 2383 1477 2462 μῆνας...]
1492 2381 1519 2452 ίξ
1529 2382 1575 2456 ίτη
1588 2383 1634 2443 καί
1647 2384 1711 2444 δέκα

102 2459 225 2557 μισοῦσιν
241 2474 331 2552 (ἤγουν
345 2474 371 2530 ἐν
388 2472 426 2549 τῷ
440 2467 513 2548 μέσῳ
526 2472 573 2527 τοῦ
586 2466 703 2543 πολέμου
719 2457 802 2544 οὐσιν)
819 2468 881 2526 ἐπε·
923 2472 1033 2546 μῆναςῆ
1047 2466 1169 2534 άύέθαιος
1178 2466 1269 2549 εἰρήνη
1279 2469 1496 2546 Λακεδαιμονίων
1506 2470 1711 2546 καῖἈθηναίων,

60 2581 88 2620 οο
102 2563 190 2645 γένετό
203 2586 238 2623 τι.
255 2594 294 2605 -
308 2556 444 2619 Σκοπείτω
460 2554 488 2613 δέ
503 2577 573 2621 τις...
588 2575 610 2614 ο.
626 2552 696 2614 κατά
713 2553 774 2635 θέρη
792 2554 820 2614 δέ
836 2555 882 2614 καί
923 2554 991 2634 μετά
1006 2555 1054 2628 τῆν
1070 2555 1260 2635 συμπλήρωσιν
1268 2562 1314 2616 τοῦ
1329 2555 1438 2616 δεκάτου
1448 2556 1534 2630 ἐτους,
1546 2557 1708 2640 παρέτεινεν.
1726 2581 1751 2620 ιο

100 2650 245 2733 χειμῶνας]
260 2645 329 2707 κατδι
341 2643 415 2726 θέρη,
427 2642 505 2726 φησί,
515 2642 561 2702 καί
572 2641 746 2723 χειμῶναςτύ
758 2643 822 2702 δέκα
834 2642 880 2717 έτη
922 2679 954 2689 -
967 2643 1031 2705 Ἐπὶ
1044 2643 1092 2717 τῆν
1106 2643 1249 2725 ἑκατέρων]
1265 2644 1309 2703 ἐπὶ
1321 2643 1370 2717 τήν
1389 2644 1521 2717 ἀλλήλων.
1540 2682 1572 2694 -
1584 2645 1710 2720 Ἐξωθεν]

103 2736 231 2798 σκοπείτω
240 2759 294 2811 τις,
305 2733 350 2791 καὶ
357 2729 395 2809 μή
408 2729 595 2812 ἐξαριθμείσθω
605 2729 672 2808 μήτε
682 2729 740 2798 τούς
750 2729 881 2813 ἄρχοντας
922 2737 970 2805 τῆς
992 2731 1123 2812 ίκατίρων
1147 2736 1203 2810 γῆς.

103 2826 171 2905 μήτε
184 2823 241 2891 τούς
253 2821 306 2880 άπδ
318 2820 399 2891 άλλης
412 2818 480 2885 τινδς
492 2823 571 2895 τιμῆς
581 2817 733 2896 ἐπωνύμους
746 2827 800 2888 τοῖς
812 2819 881 2879 έτεσι
962 2823 1068 2882 XXVI.
1090 2818 1179 2882 Ἑπτά
1200 2819 1245 2878 καί
1264 2818 1374 2892 είκοσιν]
1389 2819 1473 2879 εἰκοσι
1488 2819 1556 2880 ἑπτά
1574 2819 1620 2894 έτη
1636 2823 1712 2883 ύπό·

102 2910 296 2994 γεγενημένους.
318 2910 347 2967 οὐ
361 2906 412 2987 γάρ
427 2905 541 2988 άκριύῶς
552 2908 667 2964 ἐντεῦθεν
683 2908 707 2965 οἱ
723 2906 815 2987 χρόνοι
829 2911 881 2967 τῶν
924 2908 1004 2985 λιμος
1021 2910 1074 2965 τῶν
1090 2906 1309 2978 Πελοποννησίων
1329 2906 1375 2965 καί
1388 2907 1530 2980 Ἀθηναίων
1547 2909 1708 2991 παρέτεινεν.

64 3017 92 3055 ου
105 2999 224 3081 πράξεων
237 2994 430 3073 λαμῦάνονται,
445 2992 535 3066 έπειδῆ
550 2991 677 3052 καὶκατὰ
690 2992 751 3061 τούς
764 2995 883 3076 πρώτους
923 3029 954 3040 -
967 3015 990 3055 ε.
1005 2995 1065 3054 Οὐκ
1082 2997 1164 3076 ὀρθῶς
1183 2992 1328 3067 δικαιώσει]
1347 2994 1404 3053 άντί
1423 3001 1469 3054 τοῦ
1488 2999 1536 3055 οὐκ
1550 2999 1654 3069 άληθῶς
1667 2999 1713 3059 καὶ
1727 3025 1753 3064 συ

103 3087 209 3168 χρόνους
223 3088 274 3144 τῶν
286 3082 419 3164 ἀρχόντων
434 3081 480 3141 καί
494 3079 564 3140 κατὰ
574 3080 633 3149 τούς
648 3082 743 3160 μέσους
756 3083 803 3142 καί
814 3083 883 3143 κατὰ
924 3081 1030 3149 δικαίως
1046 3083 1137 3163 κρινεῖ.
1154 3116 1192 3126 -
1204 3079 1278 3151 Ἔξω
1295 3105 1324 3140 τε
1343 3081 1451 3155 τούτοιν]
1473 3083 1535 3142 ἄνευ
1552 3083 1659 3146 τούτων.
1673 3121 1714 3132 -—

102 3175 161 3242 τούς
174 3170 433 3238 τελευταίουςπολλύ
448 3169 579 3252 ἐπράχθη.
596 3168 679 3230 αἰτιον
695 3167 723 3229 δὲ
736 3170 814 3230 τοῦτό
827 3175 883 3231 ἐστι
923 3169 1008 3231 Οὐδὲν
1029 3161 1111 3241 ήσσον
1132 3169 1254 3247 πολέμιοι
1274 3160 1353 3242 ἤσαν]
1379 3171 1425 3228 καί
1445 3169 1514 3248 μετά
1534 3169 1583 3242 τῆν
1606 3172 1712 3254 εἰρήνην

102 3269 148 3323 τοῦ
161 3262 205 3321 τδν
214 3259 377 3331 Θουκυδίδην
388 3256 458 3317 κατδι
468 3257 529 3338 θέρη
539 3257 585 3317 καί
593 3257 780 3339 χειμῶναςτδν
789 3259 883 3341 χρόνον
924 3257 1051 3330 δηλονότι.
1074 3291 1112 3302 -
1126 3258 1236 3319 Βοιωτοί
1249 3281 1278 3316 τε
1304 3258 1449 3339 ἐκεχειρίαν
1469 3258 1616 3339 δεχήμερον
1636 3251 1712 3346 ἤγον]

103 3349 254 3432 διῃρηκέναι
268 3347 314 3407 καί
328 3345 366 3425 μῆ
378 3347 437 3406 κατ’
447 3345 573 3407 ἐνιαυτόν.
584 3379 623 3392 -
634 3345 681 3415 Ἐξ
691 3346 827 3427 ἡμισείας]
837 3353 882 3407 τοῦ
923 3343 1035 3407 Βοιωτοί
1049 3369 1078 3405 τε
1093 3345 1157 3427 πρὸς
1172 3346 1235 3405 δέκα
1251 3344 1353 3426 ἡμέρας
1364 3346 1510 3427 ἐκεχειρίαν
1525 3348 1715 3410 ἰπεσπένδοντο

61 3457 90 3497 σο
104 3438 205 3518 μέρους.
222 3471 259 3482 --
273 3434 384 3496 Δίκα
398 3432 596 3513 γεγενημένους]
611 3432 651 3493 ότι
672 3433 736 3494 δέκα
756 3434 802 3506 ἐτη
818 3438 883 3496 ῖπο-
923 3433 988 3513 πρὸς
1003 3432 1159 3504 Ἀθηναίους.
1174 3467 1214 3480 -
1225 3452 1246 3492 ο.
1262 3435 1310 3512 Τῷ
1321 3433 1451 3512 δεκαετεῖ]
1464 3435 1503 3514 τῷ
1517 3434 1711 3519 προειρημένῳ.
1727 3459 1754 3496 αν

103 3525 222 3604 λέμησαν
241 3520 443 3600 Λακεδαιμόνιοι
460 3520 506 3579 καί
526 3520 664 3593 Ἀθηναῖοι.
924 3554 963 3565 -
974 3517 1205 3600 Παρενεγκούσας]
1224 3518 1407 3602 προςθεμένας.
1421 3555 1462 3566 -
1475 3521 1713 3604 Ἰσχυρισαμένοις]

143 3615 222 3677 XXI.
239 3610 294 3672 Καί
306 3608 365 3678 τούς
378 3609 481 3681 ἄλλους]
494 3607 658 3687 συμμάχους.
672 3608 772 3677 -Ὧς
786 3608 885 3690 ιίρητο]
924 3605 1087 3689 προτείνουσί
1107 3629 1134 3665 τι
1155 3605 1270 3687 ἰσχυρόν.
1292 3641 1333 3653 -
1353 3606 1442 3668 Μόνον
1464 3606 1496 3680 δῆ
1518 3614 1595 3668 τοῦτο
1615 3612 1715 3694 ῖχυρῶς

103 3699 281 3782 συνεφωνήθη.
301 3732 339 3744 -
351 3718 373 3758 ο.
388 3699 447 3758 Οὐκ
462 3696 575 3775 ἤθελον]
593 3695 715 3764 δέξασθαι
732 3694 791 3765 τούς
808 3698 884 3768 Ἀθη·
925 3693 1038 3774 ξομύάν]
1050 3694 1108 3767 ἤτοι
1121 3694 1201 3772 μόνον’
1212 3693 1244 3767 δῆ
1260 3700 1336 3755 τοῦτο
1351 3697 1465 3778 ἰσχυρῶς
1479 3702 1662 3779 μαρτυρῆοαν.
1674 3733 1715 3746 -—

103 3790 198 3855 ναίους.
212 3822 250 3833 -
264 3785 322 3859 Τῆν
336 3785 424 3863 πόλιν]
443 3782 491 3856 τῆν
507 3783 673 3865 Ἀμφίπολιν.
691 3817 729 3831 -·
745 3784 883 3867 Ἐιαίνων]
923 3803 946 3844 ε.
970 3781 1179 3864 Προφερόμενον]
1202 3781 1401 3864 προλεγόμενον.
1415 3819 1457 3831 ·-
1469 3783 1534 3846 “on
1552 3785 1607 3868 τρίς
1628 3787 1714 3867 ἐννέα]

61 3894 90 3930 ⁴0
104 3882 155 3937 τῶν
170 3873 332 3938 Χαλκιδέων.
346 3906 385 3919 -
395 3892 417 3933 ο.
432 3872 555 3951 Ἀύτόθεν]
569 3872 649 3951 ἤγουν
663 3871 716 3931 άπδ
731 3876 778 3944 τῆς
789 3873 884 3957 Ἀμφι-
924 3870 1045 3950 περὶτοῦ
1060 3876 1199 3951 χρησμοῦ,
1210 3869 1250 3930 ότι
1259 3872 1314 3953 τρῖς
1324 3870 1398 3931 ἐννέα
1413 3870 1458 3943 ἐτη
1471 3872 1611 3951 δπύλιμος
1625 3875 1710 3956 παρέ·
1727 3902 1755 3940 ςη

95 3966 212 4032 ’πολιως
225 3996 264 4009 -
277 3959 461 4039 Μετακινητή]
476 3959 555 4038 ἤγουν
573 3959 669 4032 δυνατή
688 3964 833 4033 κινηθῆναι.
845 3996 884 4008 -
924 3981 1006 4018 τεινεν
1018 3949 1102 4026 οῦτσς.
1117 3993 1158 4003 -
1168 3979 1191 4019 ο.
1208 3958 1339 4019 Ἐπεθίων
1351 3960 1391 4038 δε]
1404 3960 1485 4040 ἤγουν
1497 3959 1565 4039 μετὰ
1578 3960 1628 4034 τήν
1639 3963 1714 4036 κίνη·

105 4050 335 4129 Κατιιλημμένας]
351 4047 469 4129 ἰσχυράς.
483 4050 499 4125 §
512 4046 559 4115 τδις
572 4047 693 4116 σπονδάς.
869 4107 871 4111 ,
925 4069 965 4105 σιν
983 4051 1030 4105 τοῦ
1046 4043 1173 4125 πολέμου.
1194 4082 1234 4093 -
1249 4047 1442 4125 Αἰσθανόμενός
1457 4071 1505 4109 τε.
1521 4096 1528 4112 .
1543 4050 1569 4128 .]
1589 4050 1647 4109 άντί
1667 4058 1714 4111 τοῦ

143 4141 235 4201 ΧΧΠ.
256 4139 292 4198 Οί
316 4138 344 4195 δέ
364 4133 510 4214 ξύμμαχοι]
530 4138 583 4193 τῶν
600 4134 824 4213 Λακεδαιμονίων.
845 4172 886 4211 -,
925 4134 1061 4213 ἀκμάζων,
1074 4130 1119 4192 διδ
1130 4133 1160 4193 ἰδ
1173 4132 1211 4212 μῆ
1225 4133 1410 4216 παρηῦηκέναι
1427 4135 1475 4206 τήν
1489 4135 1603 4210 ἡλικίαν,
1621 4161 1712 4220 παρα-

105 4228 211 4307 Αὐτῶν]
225 4225 252 4294 ἰ]
265 4225 411 4284 αὐτῶντῶν
426 4220 585 4301 συμμάχων.
595 4256 636 4267 -
648 4219 824 4303 Ἀπιῶσαντο]
839 4220 886 4292 τδις
924 4224 1054 4282 κολουθῶν
1071 4229 1146 4281 πᾶσι.
1161 4256 1201 4266 -
1217 4219 1288 4294 'Em
1303 4221 1397 4292 εἴκοσι]
1411 4219 1452 4280 ὅτι
1466 4225 1481 4280 ό
1495 4223 1659 4304 συγγραφεύς
1673 4227 1712 4285 εἰ·

63 4337 91 4374 ει
104 4315 226 4382 σπονδάς.
246 4348 286 4358 -
298 4308 479 4390 Δικαιοτίρας]
495 4308 663 4390 ἰσχυροτέρας
677 4312 715 4389 τῷ
728 4310 831 4393 δικαίῳ.
845 4347 885 4357 -
925 4334 996 4370 κοσιν
1011 4309 1057 4381 έτη
1073 4308 1150 4390 ἐφιγε
1164 4307 1212 4371 τήν
1226 4308 1353 4389 πατρίδα,
1368 4307 1414 4367 καί
1432 4309 1493 4390 περ]
1512 4309 1712 4385 Πελοπόννησον
1726 4335 1753 4373 ιε

103 4402 225 4482 Τούτων]
245 4403 296 4458 τῶν
317 4396 471 4478 γενομένων.
488 4430 529 4441 -
541 4415 562 4455 κ.
581 4398 687 4477 Αὐτῶν]
706 4400 758 4456 τῶν
776 4397 885 4476 συμμά-
925 4397 1045 4479 διέτριῦε.
1057 4398 1169 4476 -Παρ’
1184 4394 1349 4476 ἀμφοτέροις]
1364 4398 1417 4454 τῶν
1431 4397 1648 4475 Λακεδαιμονίων
1661 4402 1708 4460 καί

103 4515 169 4571 χων.
183 4523 223 4534 -
235 4491 294 4548 Οὐκ
307 4485 437 4564 έςήκσυον]
452 4487 476 4543 οἰ
490 4483 703 4563 Λακεδαιμόνιοι.
720 4519 762 4530 -
775 4484 884 4559 Ἐπειδὴ
926 4482 1076 4557 Ἀθηναίων.
1087 4517 1128 4527 -
1138 4483 1245 4562 Αὐτῶν]
1257 4486 1309 4541 τῶν
1323 4482 1498 4563 πραγμάτων.
1515 4525 1556 4538 -
1568 4487 1635 4545 Καθ’
1648 4491 1713 4558 ἤσυ-

104 4579 152 4635 οὐκ
166 4577 257 4649 ἤθελον
274 4574 316 4653 ...]
331 4574 361 4631 οὐ
375 4570 550 4652 βουλομένων,
564 4571 641 4652 φησί,
650 4575 702 4632 τῶν
717 4571 804 4632 ἄλλων
818 4597 886 4653 συμ-
925 4571 1016 4652 χίαν...
1037 4569 1184 4648 αἰσθέσθαι]
1201 4567 1244 4629 διδ
1257 4567 1288 4628 τδ
1301 4568 1453 4648 ἡσυχάζειν,
1471 4570 1517 4630 καί
1531 4568 1570 4649 μή
1587 4573 1712 4651 πολεμεῖν

106 4663 201 4743 μάχων
215 4660 368 4722 σπένδεσθαι
379 4658 443 4739 πρὸς
461 4657 521 4728 τούς
534 4658 697 4733 Ἀθηναίους,
711 4662 736 4720 οἰ
750 4663 887 4721 Λακιδαι-
925 4662 1023 4733 αὐτοῦ,
1044 4659 1144 4736 μᾶλλον
1167 4655 1389 4738 παρηκολούθησα
1413 4658 1468 4725 τοῖς
1491 4658 1646 4738 γινομένοις.
1671 4695 1711 4706 -

64 4760 92 4800 ⁸0
106 4749 190 4828 μόνιοι
214 4748 272 4807 καθ’
286 4743 391 4815 έαυτούς
404 4745 572 4821 ἐσπείσαντο,
586 4747 732 4826 νομίζοντες
744 4748 840 4821 ἤκιστα
854 4749 886 4809 ἂν
924 4768 948 4810 ο.
963 4747 1012 4814 Ὣς
1024 4741 1187 4827 ἐπολεμήθη]
1202 4743 1268 4823 μετὰ
1282 4749 1327 4804 τοῦ
1338 4743 1456 4822 πολέμου
1469 4744 1595 4818 κατέστη.
1723 4767 1750 4805 ιο

105 4837 173 4897 οὕτω
186 4835 251 4917 πρὸς
264 4835 411 4907 Ἀθηναίους
417 4833 548 4916 χωρήσειν
562 4833 620 4903 τούς
634 4835 762 4916 Ἀργείους
774 4843 887 4919 προςθη-
965 4835 1081 4896 xxvll.
1102 4835 1138 4894 Αἰ
1151 4831 1391 4912 πεντηκοντούτας]
1402 4833 1430 4890 αῖ
1441 4833 1535 4894 κοιναί.
1544 4868 1586 4880 -
1598 4837 1633 4896 AI
1645 4833 1708 4912 ξυμ-

105 4924 231 5003 σομένους
244 4925 339 4990 αὐτοῖς.
352 4922 523 5000 πεποιημένοι
536 4921 586 5004 γάρ
598 4921 742 5006 ίμπροσθεν
753 4925 818 5005 πρὸς
829 4929 886 4987 Λα·
926 4917 1035 5006 μαχίαι]
1049 4921 1130 5001 ἤγουν
1143 4924 1171 4978 αἱ
1185 4919 1283 4995 ἰδικαί,
1301 4924 1329 4980 αἰ
1341 4919 1407 5000 πρδς
1420 4920 1568 4992 Ἀθηναίους
1577 4924 1607 4980 ἐκ
1621 4928 1709 4981 Λακε-

106 5009 283 5090 κεδαιμονίους
294 5010 488 5086 σπονδάς,τύτι
500 5015 553 5072 τῶν
564 5010 704 5084 Ἀθηναίων
722 5003 752 5071 εὐ
770 5012 886 5095 φερομέ-
925 5009 1060 5088 δαίμονος,
1080 5007 1126 5067 καί
1147 5006 1287 5068 ἀνάπαλιν.
1300 5040 1342 5054 ·-
1358 5007 1405 5075 Ἐς
1425 5007 1504 5086 αὐτα]
1520 5007 1553 5068 τὰ
1567 5007 1634 5066 αὐτὰ
1656 5011 1709 5076 τοῖς

106 5126 167 5175 νων,
185 5104 232 5162 οὐκ
254 5098 392 5161 ἐθούλοντο
408 5099 472 5184 πρδς
493 5099 715 5179 Λακεδαιμονίους
733 5099 885 5161 ἐπισπένδε-
925 5095 1149 5184 Λακεδαιμονίοις.
1173 5129 1214 5142 --
1230 5115 1255 5158 ε.
1281 5093 1462 5176 Τραπόμενοι]
1485 5095 1709 5164 ἀπελθόντες...

188 5221 295 5266 νουσιν.
310 5212 397 5263 δοιιυι,
1637 5212 1661 5252 οι
