3676 5828
172 342 230 396 oo
853 313 1086 379 runcunmrs

168 481 259 540 στερον
271 454 298 516 δέ
305 459 427 538 φρουραῖς
436 451 489 513 ἀπδ
499 453 551 511 τιῦν
562 447 662 509 πόλεων
674 445 743 507 κατά
751 445 875 527 διαδοχὴν
881 444 944 526 χρό-
992 450 1049 500 dine
1061 449 1107 499 sibi
1118 437 1298 500 comedentem
1311 449 1337 499 iu
1348 449 1400 513 ipsa
1415 451 1510 514 regions
1523 453 1685 518 othnebatnr,
1702 458 1776 509 ame

168 569 213 605 ναυ
227 544 359 609 ἐπιούσαις
367 546 400 612 τῆ
413 539 490 620 χώριρ
504 540 646 618 ἐπῳκεῖτο,
659 533 747 594 πολλὰ
758 532 873 591 έύλαπτε
886 531 945 598 τοὺς
991 538 1085 587 menses
1097 537 1187 600 magun
1196 537 1345 587 detrimentis
1354 538 1471 589 afficiebat
1480 545 1504 590 et
1512 542 1536 590 in
1544 541 1626 604 primis
1634 556 1672 593 res
1679 544 1778 594 iliorum

168 630 335 705 Ἀθηναίους,
355 608 401 687 καί
415 629 442 686 έν
460 628 512 693 τοῖς
529 624 633 705 πρῶτον
648 620 795 703 χρημάτων
810 623 834 678 τ’
846 618 944 699 ὀλέθρῳ
990 624 1074 673 afflixit
1082 629 1107 674 et
1116 625 1269 687 pecuniarum
1277 625 1371 687 jactura
1381 631 1405 674 et
1412 626 1535 676 bominum
1545 629 1650 679 interitu.
1668 631 1703 693 (i)
1712 635 1776 682 iiam

168 705 213 780 χοὶ
236 715 379 799 ἀνθρώπων
401 720 484 795 φθορᾷ
506 712 623 772 ἐκάκωσε
643 708 678 768 τδι
702 707 856 790 πράγματα.
913 708 944 784 (t)
991 711 1156 774 maeonidem
1168 712 1412 776 irruptiones,quum
1424 728 1471 762 uon
1487 714 1607 765 diuturne
1623 723 1778 780 essent,uon

169 805 301 888 Πρότερον
315 802 363 882 ρέν
377 801 427 882 γάρ
441 803 563 882 βραχεῖαι
576 799 727 877 γιγνόμεναι
742 800 769 854 αί
783 794 890 855 ἐσύολαί
901 794 945 852 τὸν
991 797 1165 861 impediebant,
1177 800 1306 861 quominus
1321 800 1411 862 reliqua
1424 801 1479 849 anui
1496 806 1562 864 parte
1574 803 1666 853 tructus
1677 818 1707 868 ex
1720 818 1778 867 agro

169 896 248 952 ἀλλον
262 891 354 973 χρόνον
368 895 414 960 τῆς
427 894 475 966 γῆς
488 886 630 946 ἀπολαύειν
642 887 689 944 οὐκ
703 883 825 943 ἐκώλυον·
841 882 899 941 τότε
918 881 946 940 δὲ
991 898 1036 935 suo
1045 886 1205 949 perciperent;
1214 890 1271 934 tune
1277 898 1342 947 vero,
1351 900 1425 948 quum
1436 888 1519 937 hostes
1526 890 1674 940 continenter
1683 891 1777 941 asside·

169 979 281 1059 ξυνεχῶς
292 976 499 1054 ἐπικαθημένων,
510 974 555 1033 καί
567 972 609 1031 ὁτὲ
626 972 672 1050 μὲν
684 972 729 1032 καί
738 969 853 1030 πλεόνων
865 967 946 1026 ἐπιόν·
989 976 1085 1032 rent,et
1092 972 1164 1022 modo
1177 985 1231 1022 eum
1245 973 1374 1033 maioribus
1388 975 1779 1037 copiis'eumiuvoderent,modo

168 1091 231 1140 των,
246 1067 288 1125 ὁτὲ
302 1068 325 1125 δ’
341 1064 367 1133 ἐξ
379 1063 496 1141 ἀνάγκης
511 1067 557 1132 τῆς
571 1063 631 1131 ἴσης
642 1068 754 1141 φρουρᾶς
767 1056 946 1128 καταθεούσης
989 1064 1085 1120 cogente
1096 1060 1146 1122 pari
1158 1061 1307 1109 necessitate
1319 1060 1458 1121 presidium
1470 1062 1589 1122 regionem
1601 1063 1779 1114 incursionibus

168 1178 198 1214 τε
211 1154 258 1226 τὴν
273 1152 363 1233 χώραν
379 1149 424 1209 καί
445 1148 567 1227 λῃστείας
586 1147 757 1223 ποιουμένης,
774 1145 901 1223 βασιλέως
919 1167 947 1200 τε
990 1147 1129 1208 infestaret,
1146 1151 1170 1195 et
1183 1147 1277 1209 praedas
1293 1152 1387 1208 ageret,
1398 1161 1523 1209 quumque
1538 1150 1609 1211 Agis,
1626 1149 1778 1199 Lacedaemo-

169 1239 297 1322 παρόντος
309 1245 355 1297 τοῦ
373 1241 425 1295 τῶν
444 1233 660 1311 Δακεδαιμονίων
677 1232 791 1309 Ἄγιδος,
806 1231 832 1298 ὃς
853 1234 900 1289 οὐκ
918 1233 947 1289 ἐκ
991 1235 1084 1283 nicrum
1096 1247 1151 1295 rex,
1162 1234 1272 1295 adesset,
1286 1235 1327 1297 qui
1344 1248 1392 1283 nou
1403 1235 1548 1297 negligenter
1558 1236 1649 1286 betium
1664 1237 1780 1286 adminio·

169 1324 301 1408 παρέργου
320 1324 365 1382 τὸν
386 1321 500 1398 πόλεμον
517 1324 643 1393 ἐποιεῖτο,
659 1319 763 1397 μεγάλα
780 1322 803 1377 οἱ
818 1318 948 1388 Ἀθηναῖοι
991 1321 1083 1382 trabat,
1095 1321 1251 1371 Athenienses
1267 1322 1358 1383 magnus
1369 1321 1521 1372 detrimentis
1532 1323 1708 1373 adiciebantur.
1742 1325 1777 1387 (⁵)

170 1413 339 1473 ἐὸλάπτοντο.
382 1412 412 1488 (s)
425 1413 481 1480 Τῆς
489 1431 518 1466 τε
529 1407 580 1489 γάρ
589 1407 678 1487 χώρας
686 1405 789 1478 ἀπάτης
802 1404 947 1485 ἐστέρηντο,
995 1411 1056 1458 uam
1067 1412 1092 1457 et
1102 1409 1214 1457 uniuerso
1224 1421 1280 1469 agro
1290 1409 1376 1470 privati
1388 1413 1464 1468 erant,
1476 1413 1501 1458 et
1511 1410 1664 1459 servitiorum
1674 1411 1779 1473 amplios

170 1501 217 1561 καί
231 1497 400 1580 ἀνδραπόδων
412 1496 491 1555 πλέον
502 1495 519 1567 ἢ
531 1494 576 1554 δύο
588 1494 710 1574 μυριάδες
723 1492 948 1570 ηὐτομολήκεσαν,
992 1508 1064 1558 quam
1083 1495 1166 1556 viginti
1183 1495 1257 1544 millia
1270 1493 1301 1543 ού
1314 1496 1397 1544 hostes
1413 1496 1570 1557 transierant,
1588 1498 1652 1559 iitpue
1667 1510 1779 1559 mgnum

171 1587 217 1648 καί
238 1586 336 1645 τούτων
356 1584 386 1643 τὸ
401 1582 467 1642 πολὺ
489 1581 565 1662 μέρος
584 1579 762 1662 χειροτέχναι,
780 1577 902 1661 πρόύατά
920 1601 948 1637 τε
994 1585 1085 1645 partem
1096 1581 1206 1644 opifices,
1217 1586 1241 1631 et
1256 1594 1314 1631 ores
1325 1595 1408 1631 omnes
1420 1583 1515 1632 amissae
1533 1587 1600 1633 eraut
1614 1589 1639 1632 et
1654 1585 1778 1645 jumenta;

176 1673 265 1734 πάντα
290 1669 429 1730 ἀπωλώλει
442 1669 489 1728 καί
510 1667 644 1745 ὑποζύγια·
662 1667 738 1726 ’ίπποι
757 1689 800 1739 τε,
820 1663 949 1746 ὁσημέραι
996 1673 1020 1719 et
1028 1668 1170 1732 equi,quod
1177 1669 1383 1731 equitesquotidie
1390 1674 1441 1719 tum
1449 1669 1479 1718 ad
1489 1670 1614 1721 Deceleam
1624 1671 1779 1720 excursiones

172 1760 359 1831 ἐξελαυνόντων
370 1762 422 1816 τῶν
435 1757 536 1816 ἱππέων
553 1755 618 1838 πρός
634 1779 663 1814 τε
683 1753 731 1826 τλν
747 1753 886 1814 Δεκέλειαν
900 1776 949 1811 κα·
998 1756 1124 1816 foetebant,
1132 1758 1308 1818 tumregionem
1319 1757 1493 1817 custodiebant,
1502 1758 1692 1821 partimquidern
1699 1758 1780 1808 claudi

86 1853 91 1863 '
172 1841 747 1929 ταδρομάςποιουμένωνκαίκατάτὴνχώραν
755 1841 948 1923 φυλασσόντων,
999 1842 1100 1904 fiebant,
1121 1857 1196 1906 quum
1214 1848 1239 1892 et
1257 1844 1282 1892 in
1299 1856 1384 1906 aspero
1402 1845 1454 1893 soto
1471 1849 1496 1894 et
1511 1845 1607 1895 assidue
1625 1851 1779 1906 vexarentur,

172 1934 264 2012 οίμέν
283 1936 466 2013 ἀπεχωλοῦντο
484 1934 559 2009 ένγῇ
579 1929 717 2013 ἀποκρύτῳ
732 1953 761 1988 τε
779 1927 824 1987 καί
840 1927 950 2006 ξυνεχῶς
996 1931 1151 1993 putimvero
1164 1930 1337 1980 sauciabantur.
1385 1985 1387 1989 ¹

171 2025 411 2104 ταλαιπωροῦντες,
425 2022 448 2078 σί
460 2019 482 2076 δ’
498 2017 691 2099 ἐτιτρώσκοντο.

211 2112 343 2171 XXVIII.
363 2106 403 2168 'fl
411 2131 440 2165 τε
453 2109 505 2164 τῶν
515 2104 667 2176 ἐπιτηδείων
678 2101 848 2184 παρακομιδὴ
863 2104 894 2161 ίιι
904 2107 951 2173 τῆς
1023 2123 1133 2171 xxvru.
1150 2124 1180 2170 Et
1191 2125 1338 2170 commeatus
1347 2133 1378 2170 er
1389 2119 1479 2169 Euboea
1488 2120 1611 2170 subvectio
1621 2134 1697 2183 quum
1710 2121 1778 2184 prins

173 2196 303 2268 Estote,
317 2193 443 2275 πρότερον
456 2196 486 2252 ἐκ
499 2197 544 2250 τοῦ
559 2192 680 2273 Ὠρωποῦ
700 2188 769 2248 κοιτίι
780 2195 827 2269 γῆς
844 2189 887 2249 διδ
905 2193 951 2261 σῦς
995 2220 1027 2258 ex
1038 2210 1119 2270 Oropo
1130 2209 1212 2258 itinere
1223 2209 1329 2257 terrestri
1338 2221 1380 2270 per
1386 2208 1511 2257 Deceleam
1520 2208 1615 2258 brevior
1626 2212 1705 2269 esset,
1716 2209 1780 2257 eirea

173 2283 310 2349 Δεκελείας
328 2288 423 2341 θᾶσσον
437 2270 517 2352 οθσα,
535 2278 597 2358 περὶ
612 2277 719 2338 Σούνιον
736 2275 805 2335 κατὰ
817 2276 951 2335 θάλασσαν
996 2296 1099 2345 sunium
1115 2295 1199 2345 itinere
1210 2295 1331 2344 maritimo
1345 2294 1438 2356 magnis
1454 2294 1591 2357 sumptibus
1607 2294 1692 2355 fiebat,
1703 2299 1726 2345 01
1738 2308 1781 2345 ue·

172 2368 316 2441 πολυτελὴς
335 2367 457 2447 ἐγίγνετο·
475 2368 527 2422 τῶν
541 2387 570 2422 νυ
588 2363 693 2422 ποίνιυν
715 2361 809 2439 ὁμοίοις
832 2364 951 2421 ἐπανισοῦν
994 2387 1119 2432 cesseerat
1127 2382 1238 2432 omuibus
1247 2382 1334 2444 pariter
1342 2381 1561 2431 rebusadreeticiis
1570 2382 1655 2431 ciuitas
1663 2387 1781 2445 uteretur,

173 2460 255 2518 ἐδεῖτο
268 2461 286 2528 ἡ
306 2454 393 2527 πόλις,
411 2452 456 2511 καλ
470 2450 527 2509 ἀντὶ
540 2457 585 2508 τοῦ
599 2448 674 2517 πολιν
687 2435 753 2508 εἶναι
767 2448 887 2530 φρούριον
901 2473 952 2509 ια·
995 2474 1020 2518 οι
1030 2481 1086 2531 qus
1100 2471 1167 2532 prus
1182 2468 1240 2518 uros
1251 2472 1315 2528 nst,
1324 2472 1383 2517 tuno
1393 2469 1419 2517 tn
1434 2468 1559 2517 nasutium
1570 2473 1717 2518 omninum
1731 2471 1780 2520 est

173 2544 264 2616 τέπη.
306 2544 336 2620 p>
352 2540 423 2622 Πρὸς
433 2537 527 2619 stupri
542 2535 647 2606 ἐπάλξει
655 2534 703 2608 τὴν
715 2535 761 2613 μὲν
771 2535 872 2617 ἡμέραν
884 2533 953 2596 κατὰ
995 2555 1029 2617 (ι)
1045 2555 1200 2605 atheniense
1213 2554 1368 2618 umqum
1385 2554 1487 2605 uorum
1504 2555 1602 2617 quinem
1618 2554 1733 2605 nouum
1749 2556 1782 2605 ω

174 2630 298 2711 διαδοχὴν
312 2632 336 2688 οί
355 2628 483 2700 Ἀθηναῖοι
497 2623 684 2708 φυλάσσοντες,
702 2623 750 2696 τὴν
764 2622 792 2682 δὲ
809 2624 890 2684 νύκτα
908 2624 953 2684 καί
995 2655 1119 2692 murorum
1129 2643 1213 2706 pinnas
1222 2655 1264 2706 per
1273 2642 1339 2692 vices
1347 2647 1457 2704 agerent,
1468 2646 1540 2692 noctu
1554 2655 1611 2692 uero
1619 2646 1644 2692 et
1657 2643 1780 2705 universi,

175 2716 320 2796 ίθιοπυνισσ
332 2713 402 2786 πλὴν
420 2716 471 2772 τῶν
489 2709 589 2771 λοιπέων
604 2714 627 2771 υί
643 2710 689 2790 μὲν
704 2711 744 2792 ἐφ’
759 2709 847 2778 ὅπλοις
860 2710 953 2771 ποιοί·
995 2735 1083 2793 praeter
1100 2731 1207 2792 equites,
1223 2731 1311 2794 partim
1326 2730 1424 2792 quidem
1441 2731 1467 2779 in
1484 2730 1599 2790 statione,
1618 2730 1658 2780 ubi
1674 2743 1741 2779 arma
1757 2731 1782 2780 iu

176 2828 248 2883 μενοι
259 2807 282 2863 οί
295 2803 316 2862 δ’
328 2801 371 2861 ἐπὶ
380 2805 425 2859 τοῦ
435 2799 545 2878 τείχους,
554 2798 600 2857 καί
609 2797 696 2880 θέρους
707 2796 753 2856 καί
761 2802 888 2878 χειμῶνος
895 2802 954 2858 trc-
996 2821 1107 2879 promptu
1119 2817 1250 2879 habebunt,
1259 2817 1345 2879 partim
1355 2830 1412 2868 vero
1422 2830 1493 2879 sopra
1505 2829 1587 2866 muros
1598 2821 1683 2867 aesmte
1692 2818 1783 2880 pariter

174 2895 361 2973 λαιπωροῦντο.
404 2890 433 2965 ίο)
454 2887 578 2948 Μάλιστα
594 2888 616 2945 δ’
631 2884 723 2953 αὖτοὺς
740 2885 838 2954 ἐπίεζεν
852 2887 891 2945 ὅτι
910 2885 954 2945 δύο
996 2908 1022 2955 et
1034 2905 1112 2954 hieme
1127 2904 1242 2953 excubias
1257 2909 1367 2966 agerent,
1384 2904 1506 2953 laboribus
1521 2904 1716 2953 conficiebantur.
1749 2905 1783 2967 (3)

175 2979 305 3056 πολέμους
327 2977 383 3055 ἅμα
403 2967 483 3055 εἶχον,
502 2975 547 3034 καί
570 2976 595 3041 ές
614 2973 770 3055 φιλονεικίαν
791 2974 954 3032 καθέστασαν
996 2990 1042 3042 ξω
1052 2990 1111 3040 illud
1123 2991 1274 3053 potissimum
1288 3004 1330 3040 ως
1343 2990 1480 3053 premebat,
1491 2989 1555 3052 quod
1569 2990 1617 3039 duo
1631 2990 1695 3039 bellu
1709 2990 1783 3040 simul

175 3066 298 3138 τοιαύτην
311 3065 344 3136 ἣν
360 3064 420 3145 πρὶν
441 3062 560 3141 γενέσθαι
573 3062 719 3134 θσίστησσν
734 3061 765 3119 οἷν
779 3085 817 3128 τις
831 3061 953 3128 οἰκούσας.
996 3077 1237 3140 sustinebant,atque
1244 3077 1399 3140 pervicaciam
1408 3077 1538 3128 induebant
1544 3077 1709 3139 talem,qoam
1716 3076 1784 3126 baud

175 3154 216 3216 Τὸ
227 3152 277 3236 γὰρ
290 3151 381 3218 αὐτοὺς
394 3149 627 3231 πολιορκουμένους
645 3152 818 3230 ἐπιτειχισμοῦ
831 3148 883 3207 &md
900 3152 955 3208 Ile·
996 3163 1079 3224 facile,
1091 3168 1218 3227 antequam
1229 3162 1328 3226 accidit,
1339 3165 1466 3227 quisquam
1480 3164 1501 3212 si
1512 3163 1617 3225 audiret,
1630 3162 1782 3213 credidIssst.

176 3238 352 3314 λοποννησίων
367 3241 428 3317 μηδ’
441 3237 475 3304 ὣς
489 3240 636 3308 ἀποστῆναι
647 3238 678 3296 ἐκ
692 3235 815 3303 Σικελίας
830 3236 887 3295 ἀλλ’
902 3239 957 3296 ἐκεῖ
997 3253 1058 3301 Nam
1073 3263 1115 3301 eos
1132 3264 1147 3299 a
1166 3250 1342 3314 Peloponnesiis
1358 3251 1494 3318 munitione
1514 3251 1686 3300 circumsessos
1702 3256 1783 3300 tamen

177 3327 346 3408 Συρακούσας
358 3330 397 3407 τῷ
411 3328 482 3406 αὐτῷ
495 3323 584 3406 τρόπῳ
599 3324 810 3404 ἇνσιπολιορκεῖν,
824 3323 956 3384 πόλινού·
997 3337 1070 3387 uesic
1078 3337 1298 3400 quidemexsidlia
1304 3336 1428 3393 decedere,
1438 3337 1535 3386 seditlie
1543 3336 1627 3387 eodem
1634 3335 1706 3385 modo
1713 3337 1784 3386 ucis·

178 3414 219 3474 δὲν
231 3416 335 3475 ἐλάσσω
345 3413 426 3486 αὐτήν
435 3437 465 3491 γε
474 3413 532 3472 καθ’
540 3412 621 3484 αὑτὴν
632 3416 679 3484 τῆς
688 3410 839 3484 Ἀθηναίων,
852 3412 897 3470 καί
910 3411 955 3470 τδν
998 3424 1044 3475 sim
1056 3424 1165 3474 obsidere
1178 3427 1324 3486 syracusas,
1338 3425 1420 3474 urbem
1434 3424 1512 3487 ipsam
1526 3437 1567 3488 per
1583 3424 1721 3474 sosthenis
1732 3437 1784 3474 nou

177 3503 326 3584 παράλογον
345 3507 465 3560 τοσοῦτον
485 3505 594 3571 ποιῆσαι
608 3503 662 3566 τοῖς
680 3496 797 3571 Ἕλλησι
811 3504 858 3571 τῆς
876 3499 956 3558 δυνά·
998 3513 1128 3571 minorem,
1145 3511 1251 3574 adeoque
1268 3515 1407 3563 craeeorum
1418 3512 1553 3573 opinionem
1567 3511 1692 3572 sessilisse,
1709 3523 1784 3574 qnam

178 3614 247 3669 μεως
260 3590 305 3650 καί
317 3588 429 3667 τόλμης,
444 3587 503 3646 ὅσον
517 3587 575 3646 κατ’
589 3585 672 3673 ἀρχάς
684 3592 730 3645 τοῦ
742 3585 858 3663 πολέμου
871 3586 955 3665 οἱμὲν
1000 3599 1073 3660 buius
1090 3598 1145 3648 belli
1157 3598 1224 3647 initio
1238 3597 1269 3647 de
1286 3599 1393 3661 ipsorum
1405 3599 1510 3661 potentia
1520 3603 1545 3648 et
1555 3598 1655 3646 audacia
1669 3610 1785 3660 concepe-

178 3679 304 3749 ἐνιαυτόν,
321 3679 345 3735 οί
364 3676 391 3734 δέ
413 3673 472 3748 δύο,
485 3679 509 3733 οί
520 3673 548 3733 δὲ
561 3678 638 3756 τριῶν
652 3697 683 3752 γε
701 3677 765 3733 ἐτῶν
776 3663 859 3741 οθδεὶς
873 3673 956 3733 πλείω
998 3691 1065 3747 rant,
1074 3685 1170 3749 qnando
1183 3685 1223 3734 alii
1238 3685 1335 3749 quidem
1350 3699 1452 3746 annum,
1462 3685 1501 3735 aiii
1510 3685 1644 3746 biennium,
1654 3684 1695 3734 alii
1707 3685 1785 3734 tribus

178 3763 272 3846 χρόνον
283 3762 399 3842 ἐνόμιζον
414 3761 553 3842 περιοίσειν
563 3759 669 3833 αὐτούς,
680 3764 702 3820 εἰ
716 3764 740 3820 οί
750 3761 956 3833 Πελοποννήσιοι
999 3776 1064 3822 certe
1075 3772 1143 3822 annis
1155 3771 1301 3821 nullomodo
1310 3772 1402 3822 diutius
1412 3785 1455 3823 eos
1464 3773 1552 3822 beilum
1562 3772 1705 3821 toleraturos
1714 3774 1784 3834 puta·

180 3851 315 3911 έσὸιίλοιεν
336 3853 362 3916 ἐς
379 3847 427 3920 τὴν
450 3848 549 3929 χώραν,
572 3846 641 3907 ὥστε
667 3847 718 3907 ἔτει
740 3847 956 3930 ἑπτακαιδεκάτῳ
999 3859 1070 3921 bant,
1086 3861 1107 3909 si
1123 3859 1287 3922 Peloponnesii
1305 3859 1461 3922 irruptionem
1476 3860 1501 3909 in
1519 3860 1626 3922 ipsorum
1644 3871 1728 3920 agrum
1751 3857 1785 3908 ie·

180 3938 248 4018 μετδι
260 3937 309 4009 τὴν
322 3936 428 4018 πρώτην
447 3935 557 4008 ἐσύολὴν
575 3928 653 4008 ἦλθον
668 3938 692 4002 ἐς
711 3936 834 3996 Σικελίαν
853 3936 903 4009 ἤδη
919 3941 957 4018 τῷ
999 3947 1101 4008 cissent,
1118 3951 1145 3995 ut
1157 3946 1323 3996 nonodecimo
1334 3947 1437 4009 septimo
1450 3952 1505 4010 post
1515 3947 1615 4010 primam
1626 3946 1785 4008 irruptionem

179 4026 288 4107 πολέμῳ
299 4023 368 4083 κατὰ
383 4024 469 4082 πάντα
482 4023 687 4106 τετρυχωμένοι,
701 4023 747 4083 καί
758 4022 872 4101 πόλεμον
885 4024 957 4084 οὐδέν
999 4033 1025 4084 iu
1037 4034 1142 4084 Siciliam
1152 4033 1367 4097 proficiscerentur,
1378 4033 1441 4083 bello
1448 4033 1497 4094 jam
1507 4046 1604 4095 prorsus
1613 4032 1702 4093 attriti,
1712 4035 1739 4081 et
1749 4032 1785 4081 al·

180 4113 285 4174 ἐλάσσω
304 4111 505 4194 προσανείλοντο
524 4118 569 4170 τοῦ
594 4112 719 4192 πρότερον
741 4110 903 4191 ὑπάρχοντος
929 4114 959 4171 ἐκ
1000 4126 1078 4171 terum
1088 4118 1786 4185 beilumprmtereasnscipereutnouteriuspriore,quod

180 4195 392 4271 Πελοποννήσου.
435 4200 466 4277 (ο)
484 4198 525 4258 Δι’
540 4197 557 4255 θ
574 4198 619 4256 καί
633 4197 691 4256 τότε
705 4196 756 4256 ὑπό
770 4221 799 4256 τε
816 4202 863 4269 τῆς
876 4202 959 4257 Δεκε-
1000 4207 1313 4271 aPeloponuesiisiustabat
1321 4208 1354 4259 tid
1362 4221 1418 4258 vero
1424 4221 1496 4257 nemo
1502 4206 1665 4267 credidisset.)
1687 4207 1721 4268 (i)
1733 4209 1786 4255 Pro

180 4287 252 4355 λείας
264 4285 351 4345 πολλά
368 4285 534 4364 βλαπτούοης
552 4284 597 4343 καὶ
610 4288 662 4343 τῶν
677 4284 764 4343 ἀλλων
778 4285 958 4362 ἀναλωμάτων
1000 4298 1054 4358 pter
1069 4308 1124 4357 qnae
1137 4300 1194 4344 tuuc
1207 4296 1278 4344 etiam
1289 4299 1313 4344 st
1324 4294 1473 4344 detrimentis
1484 4294 1581 4353 multis,
1592 4305 1647 4355 qirm
1658 4305 1674 4340 a
1684 4292 1786 4342 moetas

182 4375 303 4453 μεγάλων
316 4372 531 4453 προσπιπτόντων
548 4371 668 4431 ἀδύνατοι
687 4371 803 4451 ἐγένοντο
822 4374 875 4439 τοῖς
889 4371 960 4452 χρή·
1001 4382 1193 4445 occipiebmt,et
1201 4382 1298 4445 reliquis
1305 4383 1504 4445 sumptibus,qui
1512 4383 1589 4442 magui
1596 4381 1625 4430 iis
1633 4380 1786 4442 accidebant,

184 4485 273 4540 μασιν.
313 4459 369 4520 Καὶ
381 4456 429 4531 τλν
445 4457 564 4529 εἰκοστὴν
580 4457 630 4516 est
642 4463 732 4517 τοῦτον
745 4458 790 4517 τδν
803 4458 895 4540 χρόνον
908 4463 960 4517 τῶν
1002 4469 1033 4519 ad
1044 4471 1170 4519 maximam
1180 4471 1287 4532 pecunias
1296 4471 1400 4532 inopiam
1408 4470 1497 4518 redacti
1507 4472 1571 4517 suut.
1604 4471 1635 4517 Et
1643 4467 1787 4529 peridtem·

183 4547 252 4608 κατδ
266 4547 400 4606 θαλασσαν
411 4546 469 4604 ἀντί
477 4551 522 4604 τοῦ
537 4544 615 4626 φόρον
626 4553 680 4611 τοῖς
692 4543 813 4617 ὑπηκόοις
825 4546 961 4619 ἐποίησαν,
1003 4570 1049 4621 pus
1056 4557 1138 4606 tributi
1148 4557 1200 4606 lom
1208 4557 1347 4607 vIcesimam
1357 4558 1486 4617 mercium,
1495 4568 1550 4618 quae
1557 4554 1616 4602 mari
1626 4553 1786 4614 vehebantur,

182 4633 265 4694 πλείω
278 4633 422 4712 νομίζοντες
439 4633 470 4691 δν
491 4632 564 4714 σφίσι
583 4631 710 4713 χρήματα
729 4631 798 4690 οῦτοι
816 4632 960 4710 προσιέναι.
981 4629 985 4735 ἰ
1003 4643 1098 4706 populis
1116 4644 1216 4706 imperio
1234 4657 1278 4693 sno
1293 4642 1407 4705 subjectis
1424 4638 1585 4703 imperarunt,
1604 4644 1742 4702 sperantis,
1761 4653 1788 4690 se

183 4725 219 4781 At
234 4719 281 4799 μέν
292 4719 343 4801 γάρ
357 4720 472 4779 δαπάναι
485 4722 534 4799 οὐχ
547 4719 641 4796 ὁμοίοις
653 4718 698 4776 καί
712 4716 771 4800 πρὶν
790 4718 859 4776 ἀλλά
872 4721 962 4800 πολλῷ
982 4740 985 4772 ι
1004 4729 1118 4791 majorem
1135 4730 1242 4792 pecuniae
1257 4730 1306 4779 uiui
1321 4730 1367 4778 irae
1377 4730 1468 4778 ratione
1484 4728 1638 4776 coirieeturos.
1670 4729 1733 4776 Nam
1745 4727 1789 4776 im·

184 4807 286 4886 μείζους
299 4807 472 4880 καθίστασαν,
489 4807 542 4887 ὅσῳ
556 4805 601 4865 καί
617 4806 712 4885 μείζων
725 4809 739 4864 δ
750 4793 864 4884 πόλεμος
878 4799 918 4880 ἦν·
935 4803 962 4864 αί
982 4782 986 4847 I
1005 4828 1086 4878 pensae
1095 4816 1206 4879 quidem,
1216 4830 1264 4866 uon
1273 4816 1356 4879 quates
1365 4822 1433 4877 ante,
1444 4815 1487 4864 sed
1496 4815 1564 4875 louge
1573 4814 1676 4875 majores
1684 4813 1787 4874 fiebant,

185 4892 212 4952 δέ
223 4896 346 4975 πρόσοδοι
358 4894 519 4954 ἀπώλλυντο.
983 4887 986 4931 I
1005 4904 1136 4967 quostiam
1148 4904 1226 4965 maius
1238 4904 1325 4953 beilum
1338 4903 1469 4963 existebam
1482 4901 1573 4951 reditus
1583 4912 1640 4949 vero
1651 4899 1772 4961 peribant

224 4983 329 5042 xxix.
350 4973 473 5048 Τοίιςούν
484 4979 705 5062 Θρᾷκαςτοθςτῷ
715 4978 876 5059 Δημοσθένει
890 4985 964 5040 bors-
983 4937 988 5075 I
1036 4993 1120 5040 xxtx.
1137 4991 1241 5041 Thraces
1256 4990 1336 5052 igitur,
1355 4990 1397 5053 qui
1412 4989 1444 5038 ad
1461 4987 1646 5038 Demosthenem
1664 5000 1713 5035 nou
1730 4987 1790 5037 sads

188 5067 318 5145 ρθσαντας
336 5067 379 5128 διθι
401 5067 449 5140 τὴν
466 5075 601 5149 παροῦσαν
618 5067 730 5151 ἀπορίαν
748 5072 800 5129 τῶν
816 5069 962 5150 χρημάτων
1008 5080 1101 5130 tantors
1122 5083 1249 5142 uenerant,
1269 5081 1365 5141 propter
1382 5080 1523 5139 presentem
1542 5074 1646 5137 iuopinm
1666 5075 1789 5137 ροσιιιιίοι,
