3676 5828
179 304 215 356 ⁸²
790 317 1165 394 scfloLlA.1v,es-⁷o.

178 449 311 529 άιθρωπος
322 445 365 509 ὤν.
382 481 417 490 -
431 467 453 507 ο.
471 446 525 507 Καὶ
539 446 706 528 πιριρβύτου]
720 452 797 506 τοῦτο
811 448 840 506 οὔ
855 448 958 530 παρέρ·
999 449 1067 532 ἤπερ
1081 454 1105 510 οἱ
1117 454 1144 511 δν
1157 454 1195 534 τῷ
1207 451 1336 534 ὀρύγματι
1346 455 1498 535 καθῆμενοι.
1510 456 1579 540 πρδς
1591 458 1623 520 τδ
1637 464 1790 546 άπεῖχτνοθ

177 560 229 614 γως
239 534 363 609 τέθεικεν,
381 536 439 593 ἀλλ’
455 537 570 616 ἐμφῆναι
585 533 754 614 βουλόμενος,
768 534 808 594 ότι
822 539 870 595 οὔκ
884 536 954 596 ἔστιν
999 537 1111 598 πολύτὸ
1125 539 1236 599 ίλασσον
1251 541 1362 602 ἄπωθεν.
1375 575 1415 590 -
1430 542 1546 629 ᾜσθετο
1564 548 1663 622 ούδνίς]
1674 555 1729 609 τῶν
1740 555 1791 613 Με-

176 622 385 702 ἤμῖνκατδιτοδς
397 621 729 695 άλλουςκοινωνία,διδιτδ
741 622 869 696 νησιώτας
879 615 955 685 εἷναι.
1000 626 1101 707 γαμέων
1121 628 1248 701 δηλονότι.
1269 665 1310 674 -
1324 651 1346 692 ο.
1364 631 1446 704 Ἕως]
1465 633 1566 715 ἡμέρα,
1584 668 1621 678 -
1640 641 1680 697 0]
1702 641 1790 715 προς..

176 708 287 772 -Ὅέ
300 710 331 770 διν
345 708 744 790 ξυμόῇ]ότανκαιρδςγένηται.
759 713 957 793 -Ξυγχωρη-
1002 714 1145 788 δόντες...]
1171 718 1194 774 οἱ
1213 718 1377 798 προδιδόντες
1395 720 1495 792 δηλαδὴ
1513 725 1571 789 τοῖς
1593 721 1742 796 Ἀθηναίοις
1760 727 1789 788 τί

150 823 164 862 ε
177 799 285 876 σόμεθα]
297 797 519 880 φιλιωθησόμεθα.
531 797 671 874 -Λόγοις
680 800 784 878 κοινοῖς]
791 799 875 876 λόγοις
887 823 956 877 συμ·
1000 802 1113 884 Μέγαρα
1128 806 1218 863 πλοῖον
1229 806 1371 886 κατέφερον
1389 807 1502 881 ἑκάστης
1514 809 1612 878 νυιιτδτ
1627 811 1676 871 ἐπὶ
1695 814 1809 877 θάλπη-ς

178 887 360 954 όουλευτικοῖς.
368 907 436 947 -ι,
446 886 514 953 Τοὺς
523 886 725 968 δὲάλλοφύλους]
732 886 790 954 τοὺς
798 887 956 958 Ἀθηναίους.
999 912 1057 962 ταν,
1070 895 1285 971 τεθεραπευκότες
1296 893 1340 952 τόν
1352 894 1396 952 ίπὶ
1406 897 1458 953 τῶν
1469 897 1562 955 πυλῶν
1575 897 1716 978 ἄρχοντα,
1725 900 1789 971 δας

176 973 222 1033 καί
234 976 260 1032 έν
274 979 306 1054 τῇ
319 973 411 1055 πρῶτη
427 982 457 1045 [c.
472 981 533 1044 ιον]
547 1001 558 1025 α
574 973 958 1054 ’λλλοφύλουςάμαῆγησάμε-
1001 976 1093 1043 αὖτοὺς
1107 978 1144 1053 μῆ
1162 979 1267 1059 κωλύῃ,
1283 983 1317 1049 ῶς
1336 984 1411 1053 δῆθεν
1425 981 1468 1041 έπλ
1487 985 1615 1056 ληστείας
1636 988 1789 1056 ἐκπλέοντας

175 1083 224 1122 νοι.
233 1059 382 1142 ν-Εἴπερ
390 1061 435 1119 καὶ
442 1061 500 1119 καθ’
508 1060 633 1128 ἑκάστους
641 1068 679 1133 ...]
688 1059 761 1142 εἴπερ
768 1061 823 1135 καί,
831 1065 958 1121 ὡντινων-
999 1068 1052 1122 τῶν
1062 1065 1203 1137 Ἀθηναίων
1213 1071 1266 1125 τῶν
1275 1071 1302 1127 έν
1310 1075 1344 1142 τῆ
1355 1069 1451 1151 Μινόιφ
1458 1047 1658 1152 φυλαττόντων·
1669 1075 1717 1135 καὶ
1725 1068 1789 1145 εἶθ-ς

176 1155 220 1208 οῦν
241 1147 429 1228 βλαπτομένων
453 1151 479 1206 έν
498 1147 623 1228 Σικελίᾳ,
647 1148 677 1208 τδ
693 1157 746 1207 πᾶν
761 1151 830 1216 ἑθνος
851 1147 958 1208 ἀσθενί-
999 1151 1051 1232 πρδ
1065 1152 1165 1235 ἡμέρας
1179 1154 1300 1238 ἀνέφερον
1320 1134 1384 1217 άύτδ
1398 1159 1433 1226 είς
1450 1158 1481 1218 τδ
1494 1168 1598 1239 τεῖχος,
1612 1162 1689 1230 ὅπως
1702 1165 1789 1246 ἀφανὲς

138 1258 162 1297 10
177 1235 410 1319 στερονγινόμενον
424 1234 782 1316 κινδυνεύει.-ιι.οίκιίου]
795 1242 956 1315 συγγενικοῦ.
999 1233 1107 1320 δῆθενῆ
1128 1251 1183 1309 τοῖς
1196 1243 1352 1318 Ἀθηναίοις,
1373 1245 1399 1304 τί
1418 1243 1470 1328 χρὴ
1485 1247 1682 1328 φνλάττεσθαι.
1696 1254 1727 1311 ού
1744 1251 1815 1334 γέρα

214 1327 304 1388 LXV.
320 1323 486 1402 Πειθύμενοι]
502 1323 658 1392 πεισθέντες.
673 1359 715 1370 -
728 1324 809 1384 Αὐτοὶ
827 1323 874 1402 μέν
888 1323 957 1384 κατά
999 1328 1072 1396 ὄντος
1085 1330 1185 1398 οὐδενὸς
1198 1333 1225 1390 ἐν
1239 1335 1277 1413 τῷ
1292 1336 1437 1415 Μεγαρικῷ
1452 1333 1539 1412 λιμένι
1551 1335 1651 1396 πλοίου
1668 1345 1786 1420 γαμῶ,

175 1421 242 1495 σφᾶς
257 1411 350 1479 αὐτούς
364 1411 463 1491 ξυνην]
473 1411 628 1490 ὡμονόησαν
639 1413 762 1485 ἀλλήλοις
771 1413 829 1472 καθ’
839 1412 958 1488 ἑαυτούς,
1000 1416 1083 1476 διὰτὸ
1095 1417 1165 1485 ίντδς
1176 1422 1271 1499 τειχῶν
1281 1421 1338 1499 μεθ’
1346 1421 1447 1502 ἡμέραν
1459 1421 1627 1504 κρύπτεσθαι
1636 1425 1670 1484 τδ
1678 1427 1786 1500 ἀκάτιον,

176 1501 214 1577 μὴ
235 1498 480 1578 κοινολογησάμενοι
500 1499 559 1568 τοὺς
574 1499 666 1579 λόγους
685 1501 738 1568 τοῖς
753 1500 904 1573 Ἀθηναίοις.
918 1536 959 1548 -
1000 1504 1098 1587 άπορυν
1112 1499 1144 1579 ῆν
1158 1511 1255 1586 γνῶναι
1263 1509 1317 1576 τοῖς
1331 1508 1540 1592 Ἀθηναίοις,θφ’
1551 1502 1675 1572 ῶντινων
1685 1514 1788 1586 ληστεύ-

175 1588 287 1670 Γνώμη]
298 1589 400 1671 σκέψει.
414 1624 455 1634 -
468 1588 652 1670 Μοργαντίνην
667 1579 745 1668 εἶναι]
759 1589 816 1647 άντλ
830 1594 876 1647 τοῦ
890 1591 956 1649 ἀπο·
1000 1616 1083 1655 ονται.
1097 1629 1138 1642 -
1157 1594 1275 1655 Ἀκάτιον
1297 1596 1456 1680 άμρηρικόν]
1472 1597 1615 1692 πλοιάριον
1634 1579 1787 1686 ἑκατέρὰν

137 1705 161 1744 ιε
176 1679 290 1749 δοθῆναι·
304 1676 360 1737 ἑστι
377 1675 404 1736 δέ
419 1677 557 1738 Σικελικὸν
570 1676 701 1755 πόλισμα.
715 1677 883 1756 -Τακτόν]
895 1682 958 1759 ὣρι·
999 1681 1178 1762 ἑρεσσόμενον,
1202 1687 1229 1743 έν
1249 1675 1271 1766 ᾧ
1292 1684 1400 1754 ἕκαστος
1419 1689 1471 1746 τῶν
1492 1686 1660 1748 ἐλαυνόντων
1682 1690 1815 1777 δυεωιίμ

175 1765 326 1841 σμένον-
338 1786 359 1826 ι.
373 1767 479 1845 Αὐτῶν]
486 1769 538 1824 τῶν
549 1765 691 1837 Ἀθηναίων
704 1763 959 1837 δηλονότι.-Τούς
1000 1768 1105 1852 ἑρέττει.
1124 1805 1165 1817 -
1182 1791 1204 1832 ν.
1217 1773 1297 1845 Τότε]
1314 1771 1357 1833 ότι
1375 1774 1542 1856 προεδίδοντο
1558 1775 1596 1834 τὰ
1613 1775 1743 1859 Μέγαρα,
1755 1810 1789 1826 ..

174 1857 202 1915 όν
221 1853 290 1914 τέλει
313 1851 401 1936 ὄντας]
419 1852 479 1922 τοὺς
496 1853 557 1935 περ]
577 1852 744 1935 Πυθόδωρον.
760 1886 800 1897 -
819 1845 903 1914 Εἶπον
919 1852 958 1913 ότι
1000 1856 1045 1925 Ὦς
1058 1858 1220 1940 τῷάκατίῳ]
1237 1864 1272 1928 ὡς
1286 1866 1331 1920 τοῦ
1349 1861 1458 1921 ἅκατίου
1480 1862 1624 1940 μέλλοντος
1645 1864 1789 1944 emm-

174 1941 366 2022 ξυμόῆσονται]
379 1946 414 2010 ὡς
426 1941 457 2000 ἂν
472 1944 494 2000 εί
508 1940 603 2020 ἔλεγεν,
618 1940 658 1999 ότι
672 1941 745 1999 οὐδὲν
758 1940 858 2000 δέονται
873 1943 958 2000 αὐτῶν
999 1950 1068 2005 σθαι.
1078 1979 1120 1994 -
1129 1947 1193 2006 Ἀπὸ
1202 1946 1372 2026 ξυνθήματος]
1384 1953 1436 2008 τῶν
1447 1947 1599 2030 Μεγαρέων
1610 1952 1746 2024 δηλονότι.
1756 1988 1789 2000 -

174 2034 210 2100 είς
224 2031 377 2110 ξυμμαχίαν
387 2030 437 2103 ἔτι,
448 2030 513 2090 καθὸ
528 2028 682 2089 ἐσπείσαντο
691 2031 728 2096 είς
742 2028 850 2096 ἑαυτούς
863 2028 959 2097 πάντες
1001 2032 1121 2112 Κόιλυμα
1137 2025 1203 2095 ούσα
1217 2037 1373 2116 προςθεῖναι]
1389 2035 1502 2096 άντλτοῦ
1515 2039 1663 2098 κωλύουσα
1677 2043 1788 2120 συγκλιν-

134 2141 161 2180 συ
175 2125 198 2180 οἱ
211 2124 378 2182 Σικελιῶται.
391 2119 430 2181 Τὸ
441 2118 469 2178 δὲ
481 2117 712 2200 παρακαλέσαντες
722 2118 779 2176 ἀντὶ
790 2123 837 2177 τοῦ
849 2120 885 2186 είς
895 2121 957 2176 έαυ-
999 2127 1101 2193 σθῆναι.
1115 2157 1149 2166 -
1164 2143 1188 2183 ο.
1203 2123 1259 2184 Καὶ
1273 2122 1347 2191 εὐθὺς
1362 2123 1430 2191 ἐντδς
1443 2128 1495 2184 τῶν
1509 2127 1604 2185 πυλῶν
1617 2134 1662 2200 ...]
1678 2127 1817 2210 ὕστερόν-α

173 2209 232 2277 τοὺς
243 2209 409 2275 καλέσαντες.
424 2241 464 2252 -
478 2206 617 2274 Κάκείνυις
635 2205 730 2278 κοιναί]
746 2200 798 2265 οἷον
810 2210 864 2274 τοῖς
877 2207 957 2279 Ἀθη·
999 2209 1052 2270 τόν.
1066 2210 1097 2269 τό
1110 2207 1138 2269 δὲ
1152 2210 1222 2282 ἑξῆς,
1236 2211 1281 2270 καλ
1297 2210 1370 2279 εὐθὺς
1384 2210 1454 2279 έντδς
1466 2215 1519 2270 τῶν
1533 2214 1630 2272 πυλῶν
1648 2215 1789 2296 μαχόμην

173 2299 267 2372 ναίοις,
281 2295 338 2370 ίνα,
349 2296 393 2356 έάν
402 2319 442 2363 τις
453 2298 567 2376 βουληθῇ
580 2294 633 2354 ἀπὸ
643 2294 767 2363 Σικελίας
777 2297 890 2353 πλεῦσαι
899 2297 959 2354 κατ’
1000 2297 1059 2365 τούς
1074 2298 1298 2380 προςόοηθοῦντας
1314 2303 1338 2358 οἱ
1353 2301 1493 2372 Πλαταιῆς
1505 2299 1676 2381 ἐκρότησαν.
1695 2303 1754 2371 ταλς
1764 2299 1788 2362 δέ

174 2390 269 2460 αὒτῶν,
282 2385 496 2464 συμύαλλόμενος
512 2384 746 2456 Πελοποννησίοις,
758 2383 895 2443 κωλύωσιν
910 2385 958 2442 αὖ·
999 2383 1223 2466 προςόσηθοῦντας
1235 2385 1307 2464 λέγει
1318 2386 1379 2467 περὶ
1388 2379 1425 2446 ῶν
1433 2385 1483 2468 έφη
1492 2384 1536 2445 διδ
1546 2387 1644 2466 μέσου,
1657 2417 1672 2442 ι
1686 2389 1789 2470 §um

173 2473 227 2535 τόν.
242 2509 283 2520 -
298 2473 446 2552 Κάκείνοις]
466 2477 519 2540 τοῖς
538 2470 698 2551 συμμάχοις.
722 2506 763 2517 —-
777 2474 880 2544 Αὐτῶν]
904 2474 958 2531 τῶν
999 2471 1050 2552 γδρ
1065 2473 1088 2529 οἱ
1103 2469 1234 2550 ἐγγύτατα
1256 2473 1540 2546 Πελοποννήσιοι.»-
1559 2474 1788 2559 Ἐπιφερομάνοιῆ

134 2585 160 2626 ας
174 2564 385 2642 στρατηγῶντῶν
392 2559 620 2632 Ἀθηναίων-ιι.
630 2557 884 2638 Καταστρέψασθαι]
895 2560 957 2618 δουὲ
999 2561 1052 2626 τοῖς
1066 2557 1259 2640 ἐπερχομένοις.
1797 2600 1816 2640 ⁸

173 2650 313 2708 λῶσαι.-
326 2668 347 2707 ι.
364 2647 419 2706 Καὶ
432 2647 466 2706 τά
481 2645 646 2728 ἀπορώτερα]
664 2645 790 2706 ἀδύνατα.
804 2681 846 2693 -
860 2649 960 2729 Κατερ·
1041 2646 1171 2709 vaffl.
1197 2667 1219 2709 ε.
1240 2647 1426 2729 Ἀντισχύντες]
1448 2648 1528 2727 ἤγουν
1550 2650 1736 2720 άντισεάντες.
1754 2685 1789 2700 ·-

173 2735 308 2815 γάζεσθαι]
334 2745 417 2816 νικᾷν.
437 2769 478 2780 -
496 2734 573 2794 Αἰτία
590 2734 612 2793 δ’
634 2726 667 2807 ἤν
684 2741 723 2806 ...]
744 2733 815 2792 αἰτία
832 2734 854 2792 δ’
868 2725 901 2806 ἤν
912 2741 957 2794 τοῦ
1001 2738 1085 2817 Σφδς]
1106 2735 1186 2815 ἤγουν
1204 2733 1262 2803 τοὺς
1278 2735 1513 2808 Πελοποννησίους.
1533 2769 1576 2782 --
1597 2755 1622 2799 ν.
1646 2739 1789 2818 Ευνὲπτσι]

173 2829 258 2882 ταῦτα
277 2823 388 2902 νομίζειν
401 2829 419 2895 ἤ
437 2826 463 2881 έν
478 2831 532 2890 τοῖς
545 2821 677 2890 πλείστοις
689 2821 844 2903 πράγμασιν
857 2823 958 2902 εύπρα-
1000 2822 1108 2896 συνέόη.
1122 2867 1163 2877 -
1175 2824 1331 2900 Θησόμενσν
1342 2822 1376 2883 τά
1390 2823 1470 2897 όπλα]
1482 2824 1564 2902 ἤγουν
1582 2826 1788 2905 ἀποβησόμενα.

173 2911 219 2991 γία
228 2911 301 2995 παρδι
310 2911 463 2995 προςδοκίαν
474 2913 526 2978 τοῖς
536 2909 719 2983 Ἁθηναίοις,ἤ
731 2909 839 2977 ἐλπίδας
849 2907 959 2991 ἰσχυράς
1001 2945 1039 2956 -
1051 2915 1087 2973 Οἱ
1101 2912 1135 2984 δ’]
1150 2912 1230 2990 ἤγουν
1245 2915 1268 2970 σί
1283 2910 1500 2983 Πελοποννήσιοι.
1513 2945 1556 2957 -
1568 2931 1594 2972 ν.
1608 2915 1648 2973 Οἱ
1660 2914 1728 2995 πρὸς
1739 2913 1788 2980 τοδε

134 3027 161 3069 ,αι
175 3005 286 3084 παρεῖχε
300 3007 344 3060 τοῦ
363 3000 450 3060 πάντα
463 2999 670 3081 κατεργάζεσθαι
684 2997 818 3057 δύνασθαι.
1002 3000 1151 3073 Ἀθηναίους
1164 2998 1321 3082 πράξαντες]
1336 3000 1416 3077 ἤγουν
1435 3001 1460 3058 σί
1478 2999 1635 3078 συνθέμενοι
1649 3011 1707 3071 ταῖς
1721 3003 1816 3075 Ἀθη.

213 3092 314 3151 val.
328 3092 383 3149 Τοῦ
396 3090 418 3147 δ’
428 3090 507 3146 αὐτοῦ
522 3087 621 3169 θέρους]
632 3085 787 3165 μετάόασις.
798 3121 839 3131 -
851 3084 957 3167 Ὼςχρῆ
1001 3089 1090 3155 ναίοις.
1105 3123 1146 3133 -
1158 3111 1181 3148 ο.
1195 3086 1335 3148 Ξυνὲκιιτο
1346 3088 1373 3146 δὲ
1386 3089 1483 3160 αὐτοῖς]
1498 3087 1581 3164 ἤγουν
1596 3089 1743 3171 συμφωνία
1754 3081 1789 3161 ἤν.

174 3175 328 3256 δεξαμένους
339 3177 398 3245 τοὺς
409 3175 549 3259 φεύγοντας
562 3183 604 3248 ...]
616 3179 630 3233 ό
644 3181 702 3242 νοῦς
715 3174 830 3242 τοιοῦτός
844 3177 922 3232 ἑστιν·
935 3177 960 3232 σί
1000 3210 1039 3222 --
1058 3176 1221 3248 Ἐςπίπτειν]
1235 3173 1302 3252 μετά
1322 3176 1417 3257 βάρους
1430 3175 1603 3257 είςίρχεσθαι.
1616 3209 1662 3222 -
1676 3178 1726 3249 Μι]
1739 3179 1790 3236 ἁδι-

175 3265 222 3343 μὲν
235 3266 352 3333 πλείονες
361 3269 413 3324 τῶν
424 3263 568 3346 Μεγαρέων
579 3262 718 3322 ἑόούλυντο
729 3262 887 3321 σπείσασθαι
896 3261 960 3344 πρδς
1001 3270 1108 3338 κῶνται]
1122 3264 1203 3342 ἤγουν
1218 3262 1255 3341 μὴ
1271 3263 1450 3343 βλάπτωνται.
1462 3298 1503 3309 —-
1514 3263 1664 3345 Ἀσφάλεια
1674 3263 1705 3324 δέ
1714 3265 1791 3331 αύιυῐς

175 3353 234 3421 τοὺς
247 3352 364 3436 φυγάδας
378 3354 472 3410 αὐτῶν·
484 3354 508 3410 σί
518 3350 546 3409 δὲ
558 3356 604 3409 τοῦ
620 3349 703 3428 δῆμου
716 3348 876 3430 προστάται,
890 3349 962 3426 νομί·
1002 3356 1102 3430 μᾶλλον
1125 3352 1251 3430 ἐγίγνετο]
1275 3350 1333 3410 οίντλ
1353 3356 1412 3423 τοῦ,
1436 3353 1463 3410 έν
1485 3351 1622 3434 άσφαλείφ
1647 3351 1678 3411 δέ
1698 3355 1790 3431 μᾶλλον

135 3465 160 3505 ω
175 3445 260 3510 ζοντες
277 3439 403 3500 ἀδύνατόν
418 3464 444 3498 τι
460 3448 573 3520 πρᾶγμα
592 3444 669 3498 τοῦτο
684 3437 802 3509 ἔσεσθαι,
822 3434 865 3495 δεδι
877 3439 907 3496 τὸ
922 3436 973 3515 μὴ·
1001 3442 1111 3517 ἔμελλον
1119 3436 1223 3499 ἔσεσθαι
1232 3436 1430 3506 ἀνοίξαντεςτάς
1443 3437 1588 3505 πύλας-
1600 3459 1622 3498 ε.
1629 3437 1817 3518 ’Amph

175 3529 299 3589 δύνασθαι
310 3536 446 3610 καρτερεῖν
466 3525 495 3605 (ό
506 3529 560 3584 ἔστι
576 3524 827 3602 συμπολιτεύεσθαι)
840 3523 899 3591 τοὺς
911 3525 960 3596 δη·
1002 3549 1052 3584 νων
1067 3523 1095 3584 δὲ
1109 3529 1205 3599 αὐτῶν]
1223 3526 1302 3605 ἤγουν
1316 3530 1368 3584 τῶν
1383 3527 1525 3606 προδοτῶν.
1542 3558 1585 3571 —-
1600 3526 1789 3609 Καταγορεύει]

175 3616 298 3696 μοτικοδς
313 3616 380 3694 μετδι
390 3619 441 3675 τῶν
456 3616 579 3697 φυγάδων
591 3611 633 3671 δεδι
648 3611 682 3671 τά
696 3611 766 3671 κακά
780 3610 814 3670 τά
829 3610 960 3690 μέλλοντα
1001 3612 1186 3690 καταγγέλλει.
1202 3646 1243 3659 -a
1254 3615 1317 3680 Τοῖς
1332 3612 1435 3694 ἑτέροις]
1450 3617 1503 3681 τοῖς
1517 3611 1555 3690 μι]
1572 3613 1669 3676 είδόσι.
1684 3650 1728 3662 -
1741 3618 1791 3677 Ξυ·

176 3706 280 3766 ἔσεσθαι
293 3703 366 3785 παρὰ
378 3708 429 3763 τῶν
447 3702 579 3785 φυγάδων,
594 3694 666 3761 οὗτοι
679 3707 755 3761 τοῦτο
772 3700 902 3768 δείσαντες
915 3700 961 3759 λό-
1002 3700 1167 3782 στραφέντες]
1183 3701 1404 3782 συσπειραθέντες.
1423 3737 1464 3747 -
1478 3700 1645 3775 Ἐπεξιέναι]
1664 3701 1737 3763 κατά
1747 3706 1790 3762 τῶν

174 3817 235 3873 γους
249 3793 443 3875 προςφέρουσιν.
460 3825 498 3836 -
516 3794 541 3851 Τ
542 3795 578 3849 ῶν
592 3785 655 3874 ἔξω]
668 3793 721 3849 τῶν
738 3787 870 3871 φυγάδων.
885 3823 926 3833 -
939 3808 960 3847 2.
1003 3788 1155 3860 Ἀθηναίων.
1169 3825 1207 3834 -
1220 3789 1257 3850 El
1269 3813 1297 3848 τε
1309 3789 1346 3867 μὴ
1356 3789 1476 3848 πείσεταί
1485 3812 1537 3862 τις,
1549 3792 1633 3849 αὐτοῦ
1645 3790 1698 3864 τὴν
1709 3791 1789 3870 μάχην

135 3909 161 3949 νο
175 3883 231 3945 Τόν
250 3883 338 3963 θροῦν]
352 3881 396 3939 τὸν
410 3878 536 3959 σύλλογον
554 3878 598 3938 τόν
609 3877 761 3959 γιγνόμενον
776 3877 836 3958 περί
847 3879 900 3935 τῶν
912 3900 960 3958 φυ-
1001 3876 1117 3949 ἔσεσθαι]
1132 3876 1183 3935 εἴτε
1199 3875 1236 3955 μῆ
1250 3877 1385 3937 πείσονται
1399 3880 1422 3936 οἱ
1439 3881 1664 3952 ἀντιστασιῶται,
1679 3878 1728 3951 τῆν
1741 3876 1816 3956 μα’-ιι

174 3972 271 4050 γάδων,
279 3976 323 4030 τοῦ
330 3971 382 4029 δεῖν
393 3968 514 4037 δέξασθαι
524 3965 626 4034 αὐτούς.
635 4003 673 4012 -
683 3987 706 4026 3.
717 3966 867 4045 Ἐνδοῦναι]
876 3967 961 4033 αὐτοῖς
1001 3987 1053 4044 χην
1067 3963 1172 4024 ἔσεσθαι
1186 3967 1215 4023 σύ
1230 3963 1294 4046 πρὸς
1307 3964 1365 4032 τοὺς
1379 3963 1541 4037 Ἀθηναίους,
1551 3963 1706 4046 ἀλλὰπρὸς
1714 3962 1787 4035 ἇλλῆ-

175 4059 305 4134 δηλονότι.
324 4092 365 4104 -·-
384 4077 405 4117 ε.
430 4057 512 4117 Αύτολ
533 4051 620 4139 μόνοι]
638 4053 697 4125 ἤτοι
712 4053 783 4120 ἐκτὸς
806 4057 858 4111 τῶν
872 4053 959 4111 άλλων
1000 4054 1060 4119 λους
1073 4054 1126 4120 τοῖς
1142 4057 1319 4133 Μεγαρεῦσιν.
1333 4085 1375 4098 -
1387 4052 1516 4125 Ἐδῆλουν
1529 4051 1556 4110 δέ
1572 4051 1663 4127 οὐδέν]
1679 4053 1738 4113 ἀνι-λ
1749 4056 1787 4112 τοῦ

175 4145 333 4228 ξυμμάχων,
347 4137 384 4206 ὧν
398 4136 467 4226 ε’ίχον
486 4144 577 4214 ἔξωθεν
593 4149 639 4215 τῆς
651 4139 862 4212 Πελοποννήσου.
879 4139 896 4212 ἤ
912 4139 960 4218 μό·
1002 4138 1058 4200 ούδὲ
1070 4137 1136 4207 ὅλως
1147 4140 1263 4212 ἐδήλουν.

174 4259 213 4295 νοι
227 4235 298 4314 λέγει
314 4235 372 4293 ἀντὶ
386 4240 432 4294 τοῦ
446 4232 519 4301 ἐκτὸς
532 4236 583 4292 τῶν
597 4229 757 4311 Μεγαρέων.
776 4229 829 4287 άνω
845 4225 873 4287 δὲ
886 4228 961 4286 πόλιν
1041 4229 1141 4289 LXIX.
1162 4231 1198 4288 Οί
1218 4231 1270 4285 τῶν
1287 4225 1428 4299 Ἀθηναίων
1444 4225 1598 4308 στρατηγοί]
1618 4230 1645 4288 οί
1660 4227 1737 4296 ίκτδς
1753 4224 1785 4286 ίτι

134 4345 161 4386 εν
176 4323 243 4382 αιίτδι
255 4323 290 4382 τδι
301 4323 415 4405 Μέγαρα
427 4322 512 4382 καλεῖ.
528 4355 562 4365 -
575 4318 633 4392 Τῆν
645 4319 700 4378 άνω
718 4317 807 4396 πάλιν]
823 4316 871 4388 τῆν
883 4315 961 4398 άκρό·
1001 4313 1071 4381 ὄντες
1085 4318 1136 4372 τῶν
1147 4313 1278 4393 Μεγάρων
1292 4313 1338 4372 καί
1352 4313 1433 4392 μῆπω
1444 4312 1606 4382 είςελθόντες.
1616 4349 1661 4362 -
1672 4335 1698 4379 α.
1713 4315 1815 4386 Σίδη-ςι

174 4415 259 4473 πολιν,
1003 4402 1044 4484 ρός
1057 4403 1097 4481 τε]
1108 4402 1248 4481 λιθουργός.
1262 4437 1304 4448 -··
1312 4398 1411 4474 Ὕλην]
1423 4401 1505 4472 άλλην
1516 4400 1648 4472 δηλονότι.
1663 4437 1707 4449 —-
1719 4403 1788 4464 Ἀπι·

214 4502 329 4561 LXVII.
350 4497 517 4559 Ἐπλίνθευον
528 4496 562 4555 τά
576 4495 663 4575 τείχη]
676 4493 796 4560 πλίνθους
808 4491 961 4570 λαμόάνον-
1002 4489 1139 4570 σταύρουν]
1154 4488 1340 4570 χαρακώματα
1352 4489 1464 4550 έποίουν.
1476 4524 1516 4535 -
1527 4509 1548 4548 ν
1561 4485 1652 4550 Ὅσον
1668 4493 1719 4550 οῦκ
1730 4492 1788 4549 άπε-

175 4612 217 4656 τες
231 4587 364 4668 ἐτείχιζον.
380 4619 412 4628 -
429 4587 548 4666 Ἀπεῖχεν
564 4586 593 4643 ού
608 4581 685 4655 πολύ]
699 4583 746 4641 ούκ
760 4584 868 4661 ἀπεῖχε,
883 4581 960 4662 φησὶ,
1001 4578 1147 4655 τετέλεστο]
1166 4577 1225 4636 ἀντί
1241 4582 1287 4635 τοῦ
1307 4574 1381 4658 παρὰ
1397 4576 1489 4658 μικρὸν
1504 4575 1682 4650 ἀπετελέσθη.
1700 4612 1740 4624 -
1756 4577 1787 4636 0]

175 4681 227 4736 τῶν
249 4676 380 4757 Μεγάρων
401 4678 418 4747 ἤ
434 4674 543 4746 Μίνωα,
563 4670 581 4743 ἤ
596 4671 659 4730 αύτδ
677 4671 708 4729 τό
722 4670 825 4751 ὄρυγμα
839 4668 869 4727 τδ
888 4671 913 4727 ἑν
928 4673 961 4749 τῇ
1003 4670 1071 4745 ἑντῇ
1082 4664 1196 4745 Νισαίφ]
1206 4667 1230 4723 οί
1238 4663 1444 4734 Πελοποννήσιοι
1453 4662 1581 4737 δηλονότι.
1591 4698 1633 4709 -
1643 4664 1786 4746 ’Ezpss'sml

137 4805 163 4842 ,υ
178 4764 284 4826 Μινώα,
299 4807 338 4818 -
348 4785 369 4823 ν.
380 4762 533 4844 Περίπολοι]
544 4764 595 4818 τῶν
605 4758 728 4840 φυλάκων
739 4761 762 4817 σί
774 4757 821 4836 μὲν
830 4756 962 4838 ἱδρυμένοι
1003 4753 1068 4834 σίτῳ
1082 4752 1208 4825 δηλονότι.
1225 4787 1267 4799 -
1280 4755 1327 4832 Τῷ
1345 4775 1373 4809 τε
1394 4751 1512 4833 ἄρχοντι]
1532 4751 1615 4829 ἤγουν
1631 4756 1672 4832 τῷ
1687 4752 1786 4833 ἄρχοντι
1795 4782 1816 4824 u

178 4828 335 4929 καλοῦιλται,
350 4854 373 4910 οί
388 4849 414 4908 δέ
429 4849 574 4928 περίπολοι·
589 4845 722 4926 ἱδρυμένοι
737 4842 783 4922 μὲν
802 4834 845 4902 οῦν
860 4842 923 4900 εἰσίν
938 4845 961 4900 οί
1002 4845 1054 4900 τῶν
1066 4840 1289 4918 Λακεδαιμονίων.
1300 4860 1371 4899 -ν,
1381 4838 1624 4919 Ὁμολογῆσαντες]
1637 4840 1721 4914 ἤγουν
1730 4861 1787 4918 σνμ·

178 4939 220 4998 ἀεὶ
233 4937 475 5020 παρακαθεζόμενον
496 4935 541 4995 καί
555 4936 763 5014 πολιορκοῦντες,
782 4929 919 5011 περίπολοι
934 4928 962 4987 δέ
982 4976 983 4979 .
1004 4928 1178 5011 φωνήσαντες.

178 5030 201 5085 οί
215 5026 412 5108 περιερχόμενοι
426 5023 472 5087 καὶ
490 5024 689 5105 περιπολοῦντες
703 5021 737 5079 τά
755 5017 864 5101 φρούρια
883 5020 909 5076 ἑν
923 5021 962 5098 τῷ
1044 5019 1132 5078 LXX.
1154 5038 1176 5076 ν.
1192 5017 1240 5096 Τῷ
1255 5013 1336 5096 λόγῳ]
1353 5014 1410 5076 άντλ
1429 5019 1475 5075 τοῦ
1492 5017 1526 5094 τῇ
1546 5011 1635 5095 φήμη.
1648 5048 1692 5066 --
1711 5011 1788 5097 Σφθς]

179 5114 325 5193 φυλάττειν.
347 5149 386 5162 -
403 5110 539 5175 Ἔλασσον
557 5109 672 5183 ἄπωθεν]
691 5109 803 5168 ἔλασσον
822 5104 963 5186 ἀπέχοντες
1003 5105 1083 5183 ἤγουν
1096 5101 1156 5171 τοὺς
1168 5102 1229 5184 περὶ
1243 5101 1331 5162 αιἰτό.
