3676 5828
193 345 229 398 ης
808 323 1057 402 scllOLlA.1V‚
1082 338 1203 388 ιι-ιι,

194 495 234 505 ..
253 458 331 533 Ὀτι,
349 456 374 516 εί
384 480 422 520 τις
432 454 598 532 ὑπομένοι...]
616 453 658 513 διλ
672 456 762 532 μέσου·
775 456 804 514 οὗ
816 453 882 534 γδρ,
898 456 972 537 φησί,
992 465 996 479 “
1019 459 1046 515 ἐν
1063 459 1115 527 τοῖς
1128 459 1229 542 χρόνοις
1242 463 1347 531 ἐκείνοις
1361 463 1455 546 ίρρεπε
1469 466 1503 526 τὰ
1519 472 1569 542 τῆς
1584 469 1681 546 δόξης,
1697 481 1753 542 τοῖς
1764 476 1811 554 ph

195 546 333 615 διόξονται·
356 544 496 604 ἐπίστασθε
520 541 586 623 γάρ,
607 541 725 623 ἔμπειροι
746 542 817 609 ὄντες
835 548 881 614 τῆς
905 566 968 602 ναυ·
992 600 995 647 Ι
1017 547 1244 626 Λακεδαιμονίοις,
1260 553 1295 617 είς
1313 550 1347 610 τδ
1368 553 1434 623 πεζά
1449 555 1584 635 μεγίστοις
1598 551 1678 619 οόσιν
1693 563 1751 636 ἀεὶ,
1766 571 1810 626 νῦν

193 638 267 705 ταιῆς
293 631 460 702 ἀποθέσεως,
481 629 534 701 ότι,
554 630 578 688 εἴ
599 653 638 696 τις
658 631 783 708 ὑπομένοι
801 632 828 688 ἐν
852 629 972 709 θαλάσσῃ
993 654 995 683 ι
1017 633 1100 693 δοκεῖν
1114 637 1141 692 ἐν
1155 640 1187 715 τῇ
1200 638 1337 721 ναυμαχία
1350 642 1498 721 κρατίστοις
1511 635 1596 718 εἶναι,
1609 630 1672 717 τοῖς
1687 649 1717 709 δὲ
1732 650 1808 726 Ἀθη.

193 721 238 780 καί
254 718 290 798 μὴ
305 718 453 800 ὑποχωροίη
467 720 493 776 ἐν
505 722 539 797 γῇ
553 715 590 794 μὴ
600 716 731 796 προόῖηναι
746 718 780 776 αὗ
797 717 812 748 *
823 717 838 747 ⁴¹
853 715 972 792 αίμενος,
1017 722 1111 793 ναίοις,
1126 724 1161 789 είς
1176 722 1209 781 τδι
1224 724 1334 784 ναυτικίι
1347 728 1478 808 τεχνίταις
1492 722 1567 791 οόσιν
1583 733 1641 809 ἀεί,
1658 742 1707 795 νῦν
1726 740 1807 800 δοιαῖν

169 812 240 874 ιοὺκ
254 808 286 867 ἄν
299 831 362 866 ποτε
381 807 501 887 βιάζοιτο.
514 841 554 851 -
573 805 630 877 Τὴν
646 804 753 885 ῥαχίαν]
766 804 806 863 ότι
821 804 901 885 ραχία
918 805 972 864 ἐστὶ
1017 806 1130 888 ἀρίστοις
1151 801 1216 869 εἶναι
1228 810 1262 870 τίι
1275 814 1350 882 πεζά.
1816 853 1829 893 3

192 895 326 976 πετρώδης
339 894 433 970 τόπος,
454 892 514 974 περί
532 892 560 951 ὃν
579 892 781 974 περιρρήγνυται
801 896 818 963 ἡ
839 892 972 964 θάλασσα,
1056 898 1135 957 ΧΙΠ.
1157 899 1218 959 Ἐπί
1238 899 1301 969 ξύλα
1316 905 1351 970 είς
1365 903 1443 983 μηχ]
1459 904 1518 963 ὀντί
1531 912 1580 966 τοῦ
1598 910 1646 969 ἐπί
1667 910 1737 980 ξύλα
1750 916 1807 974 ἑπι-

191 984 237 1043 καί
251 988 265 1042 δ
279 982 380 1042 κλύδων
398 982 444 1041 καί
457 987 474 1052 ἡ
491 985 537 1052 τῆς
553 979 685 1052 θαλάσσης
708 979 786 1061 ὁρμή·
808 979 864 1038 ὀθεν
884 980 930 1039 καί
943 979 973 1039 τδ
1015 983 1106 1054 τήδεια
1118 985 1183 1067 πρὸς
1197 986 1331 1068 μηχανάς,
1345 991 1557 1071 ποιηθησομίνας
1570 997 1640 1078 πρὸς
1653 1001 1806 1083 καθαίρεσις

193 1072 303 1138 ὀστῶδες
318 1070 348 1128 τδ
367 1069 458 1128 νώτιον
479 1067 553 1151 ῥάχις
564 1071 697 1140 καλεῖται,
709 1071 744 1135 ὡς
758 1067 809 1127 ἀπὸ
823 1071 869 1140 τῆς
879 1067 973 1147 ῥαχίας
1016 1076 1120 1152 τειχῶν.
1142 1073 1202 1145 ἡδί
1217 1075 1305 1149 Ἀσίνη
1326 1078 1401 1146 πόλις
1415 1079 1470 1139 έστί
1484 1083 1645 1156 Λακωνική.
1661 1118 1698 1132 -
1709 1109 1733 1150 α,
1750 1091 1806 1163 Τήν

191 1157 353 1238 τῆςπέτρας,
719 1190 722 1197 ·
1016 1181 1044 1216 τε
1056 1162 1145 1240 νῆσον]
1158 1160 1392 1247 τὴνΣφακιηρίαν.
1403 1205 1435 1217 -
1447 1166 1504 1235 Τθς
1512 1170 1588 1249 ναῦς]
1600 1176 1657 1232 τῶν
1673 1179 1805 1237 Am.

156 1269 179 1308 ιο
232 1248 291 1307 xli
304 1243 459 1323 Ἐτάξαντο]
473 1242 530 1302 άντί
548 1247 594 1300 τοῦ
608 1240 803 1324 παρετάξαντο,
821 1240 839 1313 ἢ
857 1240 971 1319 ἐτάχθη·
1017 1246 1410 1331 μονίωνδηλονότι.-Ἣνμὲν
1424 1257 1579 1316 ἀποκαλεῖν
1594 1259 1712 1322 ἐθέλωσι
1723 1264 1805 1346 σφίσι]

193 1356 251 1405 σαν,
265 1330 310 1391 καί
328 1329 547 1408 ηὐτρεπίσθησαν.
564 1370 603 1380 -
623 1350 644 1388 α.
656 1330 723 1396 Ταῖς
739 1328 842 1407 ναυσίν]
859 1330 887 1386 ού
902 1329 972 1407 λέγει
1015 1333 1045 1392 τὸ
1057 1339 1149 1414 σχῆμα
1164 1338 1381 1400 ἀνανταπόδοτον,
1402 1340 1456 1400 Καὶ
1471 1339 1598 1424 Ὅμηρος
1617 1346 1666 1425 [ῃ.
1684 1351 1722 1427 Α,
1736 1352 1804 1431 ¹³⁶}

191 1420 248 1487 ταῖς
269 1422 321 1476 τῶν
341 1416 483 1493 πολεμίων,
498 1414 566 1474 ἀλλὰ
589 1417 646 1482 ταῖς
668 1419 779 1477 ἑαυτῶν.
800 1455 832 1466 -
850 1406 937 1500 ᾟπερ
958 1419 972 1473 ὑ
1076 1447 1133 1495 ,χχχι
1145 1449 1165 1496 εγ
1178 1449 1218 1511 μὲν
1227 1451 1330 1499 δώσουσι
1339 1451 1406 1514 W<
1416 1451 1544 1515 μεγάθυμοι
1556 1452 1667 1518 Ἀχαιοὶ,

192 1504 359 1585 Δημοσθένης
376 1503 556 1586 προςεδέχετο]
572 1501 640 1561 κατὰ
656 1503 686 1561 τδ
705 1503 782 1584 μέρος
795 1503 825 1562 τδ
841 1510 913 1562 νεῦον
928 1504 972 1563 ἐπί
1076 1516 1186 1580 ἄρσαντες
1195 1520 1257 1568 κατὰ
1268 1520 1349 1583 θυμὸν,
1362 1520 1425 1576 οπως
1435 1520 1638 1578 ὀιντάξιονίαται·

191 1592 222 1653 τδ
239 1594 381 1674 πετρῶδες,
396 1591 460 1651 ὀπου
481 1590 526 1648 καί
542 1588 684 1670 προςεδόκα
699 1595 713 1649 ὁ
734 1590 913 1668 Δημοσθένης.
931 1627 972 1636 -
1076 1588 1097 1635 ⁵³
1107 1588 1131 1635 δέ
1142 1604 1170 1636 ²⁸
1180 1590 1212 1650 μθ
1222 1589 1323 1645 &mom
1334 1589 1381 1651 ίΥὼ
1393 1590 1417 1638 δέ
1426 1605 1466 1638 ²¹⁸*
1478 1591 1549 1649 αὐτὸς
1558 1593 1665 1656 ἕλωμαι

153 1700 179 1741 ιο
192 1702 215 1743 α.
230 1680 303 1743 Διότι
317 1682 364 1738 οὐκ
381 1672 412 1752 ἦν
429 1679 533 1738 πλείοσι
554 1679 692 1758 προσχεῖν]
706 1678 795 1751 ἐπειδὴ
815 1682 843 1737 οὐ
864 1679 971 1738 δυνατδν
1014 1707 1046 1717 -
1058 1693 1080 1732 ⁴.
1094 1677 1130 1734 Οί
1145 1674 1204 1753 μέν]
1215 1679 1239 1734 οἱ
1253 1676 1465 1755 Λακεδαιμόνιοι.
1823 1714 1830 1738 ι

191 1761 223 1842 ἦν
245 1769 347 1828 πλείοσι
375 1765 610 1849 προςορμίσασθαι,
633 1765 676 1824 διίι
704 1765 734 1826 τὸ
760 1769 902 1847 πετρῶδες,
929 1767 971 1826 διδ
1055 1766 1130 1825 XIV.
1149 1765 1268 1845 Γνόντες]
1290 1766 1338 1839 τὴν
1365 1765 1461 1847 βουλὴν
1483 1766 1591 1829 ἐκείνων
1616 1772 1753 1844 δηλονότι.
1774 1815 1806 1827 -

191 1864 267 1917 τοῦτο
285 1856 383 1936 ὀλίγαις
402 1855 530 1937 ὥρμησαν
551 1854 628 1913 ναυσί
650 1854 696 1913 καί
713 1854 782 1914 κατίι
807 1854 970 1935 διαδοχὴν,ἣ
1016 1852 1082 1911 Καθ’
1090 1851 1210 1934 ἑκάτερον
1223 1854 1267 1913 τόν
1274 1853 1481 1934 έςπλουν]ι]γουν
1492 1855 1535 1914 τόν
1549 1881 1580 1916 τε
1593 1861 1690 1919 στενὸν
1706 1864 1752 1921 καί
1762 1865 1804 1924 τδν

191 1943 238 2012 τδς
249 1950 311 2011 ναῦς
325 1941 501 2009 ἀναπαύοντες
520 1939 538 2012 ἢ
553 1940 626 2000 αι’ντοί
641 1942 845 2021 ἀναπαυόμενοι.
859 1983 893 1990 -
907 1947 970 2003 Πα-
1013 1938 1124 2001 πλατύν.
1138 1979 1171 1991 -
1186 1962 1208 2001 α.
1230 1943 1283 2002 Καὶ
1301 1942 1425 2024 ἐντούτῳ
1444 1945 1665 2026 κεκωλῦσθαι...]
1679 1951 1709 2008 έν
1723 1952 1805 2033 τούτῳ

194 2027 376 2114 ρακελευσμῷ]
394 2028 577 2111 παρακινήσει.
593 2069 624 2080 -
642 2025 799 2111 Ὠσάμενοι]
818 2028 877 2096 τοίις
896 2032 971 2089 έναν-
1014 2027 1097 2087 ἐδόκει
1108 2031 1272 2089 κεκωλῦσθαι
1283 2029 1392 2099 ἕκαστος
1403 2028 1436 2089 τί
1447 2030 1611 2111 πράγματα,
1624 2026 1804 2117 &effluam

152 2120 259 2187 θθτίους
283 2117 411 2191 δηλονότι.
447 2159 479 2171 -
505 2136 527 2176 ο.
555 2115 668 2176 Πάντων
695 2115 721 2175 δὲ
749 2117 969 2197 φανερώτατος...]
1014 2114 1051 2193 μὴ
1067 2116 1219 2196 εὑρέθησαν.
1235 2156 1264 2165 --
1278 2137 1302 2178 ε.
1319 2117 1554 2198 Ἀπηλλαγμένος]
1570 2125 1837 2203 lumnam.»

191 2206 396 2274 σπουδαιότατος
409 2204 454 2264 καί
475 2204 597 2276 ἐπίδηλος
610 2202 675 2285 ὑπὲρ
696 2204 822 2271 πάνταςὺ
841 2205 970 2287 Βρασίδας
1013 2242 1044 2253 -
1058 2203 1234 2284 Ἐπεξελθεῖν]
1252 2204 1329 2264 πλέον
1349 2204 1518 2286 ἐργάσασθαι.
1532 2245 1567 2257 -
1585 2229 1609 2268 ε.
1626 2209 1681 2271 Ἐν
1700 2215 1804 2293 φυλακῇ

190 2296 291 2373 ἐγένετο
314 2297 340 2352 ἐν
358 2293 448 2374 ἐκείνῳ
462 2295 499 2370 τῷ
520 2290 588 2372 ἔργῳ
607 2294 643 2358 είς
662 2291 821 2372 προθυμίαν·
836 2291 882 2350 καί
903 2297 969 2374 ὁρῶν
1013 2283 1095 2370 εἶχον]
1116 2289 1163 2362 τλν
1186 2295 1264 2363 νῆσον
1289 2293 1417 2364 δηλονότι.
1442 2329 1472 2338 -
1495 2296 1530 2353 Οί
1556 2295 1580 2354 δ’
1598 2297 1626 2354 ἐν
1647 2302 1685 2377 τῇ
1705 2301 1804 2383 ἠπείρῳ

190 2384 249 2451 τοὺς
258 2381 430 2464 τριηράρχους
438 2382 574 2446 ὀκνοῦντας
583 2377 626 2437 διδ
638 2378 668 2437 τδ
676 2379 794 2459 χαλεπὸν
802 2386 847 2438 τοῦ
857 2381 968 2460 χωρίου,
1014 2378 1263 2458 Πελοποννήσιοι...]
1282 2378 1308 2438 οί
1319 2404 1348 2439 τε
1369 2383 1398 2440 ἐκ
1416 2386 1463 2454 τῆς
1476 2383 1707 2465 Πελοποννήσου,
1722 2389 1767 2447 καί
1780 2393 1803 2449 οί

189 2470 250 2552 περί
268 2475 319 2529 τῶν
335 2472 399 2527 νεῶν
418 2466 640 2548 φυλασσομένους,
655 2465 726 2534 ὅπως
739 2465 776 2543 μὴ
796 2467 968 2549 συντρίψωσιν
1014 2465 1065 2524 ἀπὸ
1077 2471 1128 2526 τῶν
1144 2466 1229 2525 ἄλλων
1245 2466 1391 2548 ξυμμάχων
1403 2470 1489 2536 αὐτοῖς
1501 2472 1694 2549 προςελθόντες
1707 2481 1761 2538 νῦν.

151 2567 178 2606 ²⁶
191 2558 278 2624 αὑτάς.
293 2597 334 2612 -
346 2556 438 2634 Σχεῖν]
450 2555 584 2633 προσχεῖν.
595 2556 707 2613 -Τῶν
718 2554 794 2631 νεῶν]
808 2555 886 2633 ἤγουν
897 2556 969 2624 τινός
1052 2555 1115 2614 XV.
1136 2552 1178 2613 Τίι
1190 2553 1265 2633 τέλη]
1275 2554 1334 2621 τοίις
1349 2555 1476 2635 άρχοντας
1485 2560 1537 2615 τῶν
1555 2560 1752 2640 Σπαρτιατῶν.
1766 2590 1833 2630 -2

189 2650 241 2704 τῶν
260 2648 333 2704 νεῶν.
355 2678 395 2689 -
417 2641 602 2721 Βιαζομένους]
624 2640 670 2699 σίιν
690 2640 734 2722 βία
757 2648 903 2710 ποιοῦντας.
931 2679 969 2689 -
1013 2640 1083 2722 Πρδς
1103 2639 1133 2699 τὸ
1148 2643 1252 2721 χρῆμα]
1271 2642 1334 2722 πρὸς
1346 2642 1376 2700 τδ
1388 2643 1517 2723 χρήσιμον
1532 2644 1580 2703 καί
1594 2645 1800 2730 τὸκατεπεῖγον.

190 2731 259 2791 Ἀντί
282 2730 402 2810 μεγάλων
422 2729 586 2810 εὐεργεσιῶν]
601 2731 711 2786 ἐνταῦθα
734 2733 816 2806 τιμῶν
836 2728 919 2808 λέγει,
932 2722 967 2788 ών
1013 2729 1058 2788 δύο
1067 2729 1118 2812 γάρ
1130 2732 1179 2788 εἶσι
1190 2728 1284 2801 λέξεις,
1299 2728 1330 2788 τδ
1340 2733 1356 2763 ’
1366 2731 1429 2812 πρός
1440 2731 1485 2790 καί
1494 2731 1524 2790 τὸ
1533 2737 1642 2813 χρῆμα.
1654 2734 1715 2795 ἔστι
1724 2737 1752 2797 δί
1760 2739 1802 2798 καί

191 2816 329 2895 μέλλουσιν
353 2815 459 2897 ὑστερον
480 2818 677 2895 εύεργετηθῆναι
697 2816 772 2874 αύτοί
789 2819 813 2874 οί
831 2816 968 2896 σύμμαχοι
1012 2813 1086 2895 ἑτέρα
1103 2815 1191 2897 γραφὴ
1206 2817 1267 2895 δίχα
1281 2822 1327 2875 τοῦ
1343 2840 1374 2898 ρ,
1395 2817 1559 2899 πρόσχημα,
1574 2819 1618 2879 ἵνα
1635 2822 1804 2903 νοήσωμεοό

190 2905 236 2964 καί
249 2911 400 2982 τιμηθῆναι.
415 2907 431 2980 §
444 2900 483 2964 Ἢ
494 2906 655 2982 εὐεργεσιῶν,
670 2893 705 2960 ῶν
721 2902 813 2971 αὐτοὺς
833 2903 968 2985 εὑεργέτη-
1011 2927 1036 2960 τι
1059 2902 1091 2960 δν
1110 2905 1196 2969 αὐτοῖς
1215 2903 1345 2982 ἁρμόττον
1363 2904 1495 2985 φαίνηται.
1506 2940 1537 2955 -
1549 2926 1572 2965 ο.
1589 2906 1664 2968 Ὑπὸ
1680 2913 1800 2992 πλήθους]

152 3011 238 3052 ουσαν
251 2994 303 3065 ἤδη
318 2996 342 3050 οί
356 2991 568 3069 Λακεδαιμόνιοι.
583 3025 614 3034 -
628 2990 810 3070 Ὀκείλαντας]
822 2992 967 3073 προςπελά-
1011 2994 1062 3048 τῶν
1077 2990 1218 3062 ’Λθηναίων
1238 2991 1364 3062 δηλονότι.
1380 3027 1412 3036 -
1425 2991 1469 3052 Τίι
1481 2993 1542 3072 περί
1557 2996 1668 3076 Πύλον]
1684 3002 1771 3067 καλῶς
1782 3005 1827 3072 ἡ,

190 3103 285 3147 σαντας
298 3079 343 3139 καί
358 3078 576 3159 προςεγγίσαντας
589 3078 633 3136 καί
647 3077 860 3158 προςτρίψαντας.
1011 3077 1151 3157 προςθήκη·
1164 3077 1207 3137 ίνα
1227 3077 1372 3156 νοήσαιμεν,
1387 3081 1422 3145 είς
1434 3077 1469 3138 τδ
1484 3079 1553 3137 κατδι
1570 3081 1665 3142 Πύλον
1680 3086 1758 3163 μόνα,

229 3170 294 3229 XII.
317 3167 507 3246 Ἐπέσπερχεν]
525 3165 726 3234 ἐπεσπούδαζεν.
741 3205 772 3217 -
786 3167 906 3226 Ὀκεῖλαι
920 3164 967 3236 τλν
1050 3167 1128 3226 XVI.
1152 3164 1279 3244 Σπονδαί]
1293 3166 1441 3242 σημείωσαι
1455 3168 1566 3225 ἐνταῦθα
1581 3172 1610 3226 at
1626 3173 1752 3235 σπονδαί.
1763 3208 1795 3219 -

190 3257 265 3335 ναῦν]
287 3257 465 3337 προςοκεῖλαι,
479 3252 647 3329 ἐλλιμενίσαι.
665 3287 696 3297 -
709 3253 773 3313 Ἐπί
792 3252 840 3324 τὴν
864 3253 966 3313 ἀποόά-
1012 3252 1173 3333 Ἐπιφέρειν]
1197 3253 1255 3311 σἰντί
1273 3260 1318 3313 τοῦ
1331 3253 1480 3336 προςφέρειν
1502 3253 1548 3313 καί
1569 3255 1657 3334 ἄγειν.
1679 3299 1713 3313 -.
1726 3261 1795 3332 Μήτι

191 3344 296 3422 θραν]ἡ
317 3343 369 3401 άπδ
382 3346 429 3413 τῆς
452 3339 514 3407 νεώς
528 3339 571 3398 ἐπί
595 3338 704 3417 τὴνγῆν
726 3340 810 3409 έξοδος
829 3340 967 3422 ἀποόάθρα
1011 3339 1184 3417 κατδιγῆν...]
1200 3340 1265 3418 μήτε
1284 3341 1336 3407 τοῖς
1357 3345 1433 3422 ἐντῇ
1457 3339 1538 3420 Πύλῳ
1558 3343 1629 3419 μήτε
1653 3352 1710 3416 τοῖς
1729 3351 1796 3426 ἐντῇ

152 3444 178 3485 35
190 3432 318 3491 καλεῖται.
333 3465 364 3475 -
376 3430 420 3496 Ἐς
429 3428 476 3500 τλν
489 3427 695 3508 παρεξειρεσίαν]
705 3427 886 3508 παρεξειρεσία
898 3429 967 3487 ἐστίν
1012 3426 1177 3508 Σφακτηρία.
1200 3463 1240 3472 -
1260 3449 1281 3487 2.
1301 3427 1414 3508 Λύτούς]
1432 3429 1510 3507 ἤγουν
1524 3428 1585 3497 τοῦς
1608 3433 1739 3513 πρέσόεις
1751 3439 1821 3497 τῶνα

191 3517 267 3586 δέξω
282 3523 329 3590 τῆς
342 3516 453 3599 εἰρεσίας
465 3521 511 3587 τῆς
525 3513 587 3582 νεώς
601 3516 693 3588 τόπος,
708 3517 766 3574 καθ’
784 3515 798 3574 θ
813 3515 890 3596 μέρος
906 3518 968 3574 οόκ-
1010 3515 1226 3593 Λακεδαιμονίων
1247 3551 1288 3560 -
1306 3516 1460 3575 ’Λποδοῦναι
1486 3516 1641 3587 ’Λθηναίους
1660 3522 1794 3601 ὁμοίας,,,]

191 3604 228 3663 έτι
253 3604 353 3670 κώπαις
374 3602 525 3683 κέχρηνται.
549 3602 603 3660 ἔστι
625 3601 651 3660 δί
675 3607 751 3661 τοῦτο
775 3605 805 3660 τό
824 3603 967 3684 ἀκρότατον
1011 3603 1089 3680 ἤγουν
1103 3602 1280 3670 άκαταλύτους
1289 3605 1486 3670 ὀποδοῦναιτοῖς
1497 3605 1732 3684 Λακεδαιμονίοις.

190 3695 237 3762 τῆς
249 3690 369 3772 πρύμνης
385 3689 431 3747 καί
450 3693 496 3759 τῆς
509 3688 621 3770 πρώρας.
643 3689 877 3770 ὑΠαρεξειρεσίαν
897 3690 968 3768 λέγει
1051 3691 1143 3750 XVII.
1164 3688 1385 3771 Ἔπεμψανῆμῦς
1396 3689 1640 3770 Λακεδαιμόνιοι]ἡ
1650 3695 1792 3778 δημηγορία

191 3778 221 3837 τὸ
235 3778 313 3859 ἄκρον
335 3780 382 3848 τῆς
404 3776 464 3847 νηδς
486 3775 516 3834 τδ
530 3776 620 3845 έξωθεν
641 3781 692 3835 τῶν
713 3777 827 3835 ἑδωλίων
848 3776 893 3835 καί
915 3781 968 3836 τῶν
1013 3776 1078 3847 αθτη
1093 3779 1200 3853 γενικῶς
1214 3780 1251 3855 τῷ
1266 3774 1421 3857 συμφέροντι
1439 3775 1574 3858 κεφαλαίῳ
1586 3779 1725 3857 τέμνεται.
1745 3783 1792 3843 ἐστι

153 3890 180 3930 ιο
190 3868 330 3946 καθεδρῶν,
344 3865 382 3945 ἐφ’
395 3855 435 3931 α’ίς
447 3864 597 3934 καθέζονται
610 3868 634 3922 οί
648 3864 928 3946 ἐρέσσοντες.-Πρός
939 3866 969 3924 τὸ
1013 3865 1035 3923 δ’
1057 3863 1099 3922 ὀτε
1127 3864 1182 3944 ἔχει
1203 3864 1248 3922 καί
1270 3862 1301 3922 τδ
1325 3862 1432 3921 δυνατδν
1455 3865 1705 3943 παραμιγνύμενον,
1723 3873 1739 3949 s
1759 3870 1820 3935 'sto

191 3956 316 4033 τροπαῖον
341 3950 498 4033 ἐχρήσαντο]
522 3951 579 4009 αἰντί
602 3958 647 4009 τοῦ
670 3951 796 4033 τροπαίου
822 3952 969 4032 ἐχρήσαντο
1012 3951 1147 4032 προοίμιον
1162 3953 1192 4009 ἐκ
1203 3955 1329 4030 προςοχῆς
1342 3950 1387 4009 καί
1399 3949 1425 4019 ἐξ
1437 3952 1515 4008 αὐτοῦ
1527 3956 1574 4009 τοῦ
1589 3954 1793 4034 πράγματος,-

192 4043 273 4120 αὖτῇ,
285 4039 303 4112 ἢ
314 4039 378 4120 πρδς
389 4042 427 4120 τῷ
438 4038 567 4120 τροπαίῳ·
580 4039 624 4098 καί
634 4040 715 4111 αὐτὴν
730 4039 843 4111 ἔστησαν
853 4039 969 4107 πλείονος
1011 4037 1050 4100 Ὅ
1075 4063 1100 4097 τι
1119 4038 1150 4097 διν
1168 4042 1229 4116 ὑμῖν
1250 4061 1278 4096 τε
1294 4037 1425 4115 ὠφέλιμον
1441 4039 1488 4117 ...]
1502 4038 1547 4097 καί
1571 4039 1635 4101 ὃᾶν
1650 4047 1714 4121 ὑμῖν
1731 4044 1793 4128 ὀφέ·

192 4129 267 4187 ἕνεκα
282 4127 381 4206 κόσμου
399 4125 446 4186 καί
464 4126 546 4197 δόξης·
561 4166 592 4177 -
604 4131 661 4199 Τῆς
682 4127 838 4207 προςόολῆς]
853 4128 911 4185 ἀντί
924 4133 969 4186 τοῦ
1012 4130 1088 4204 λιμον
1103 4124 1224 4204 ἐσόμενον
1236 4125 1402 4202 ἐπιδείξωμεν
1417 4125 1462 4184 καί
1473 4130 1538 4202 ὁμοῦ
1555 4131 1622 4204 ἡμῖν
1636 4131 1792 4213 εύπρεπίςία

192 4220 238 4287 τῆς
251 4217 349 4297 μάχης.
363 4255 395 4265 -
405 4236 427 4274 ο.
440 4218 475 4275 Οί
487 4214 509 4273 δ’
521 4213 608 4293 άλλοι]
622 4213 826 4292 Λακεδαιμόνιοι
841 4214 968 4285 δηλονότι.
1012 4238 1045 4294 τη
1060 4213 1179 4294 παρούσῃ
1195 4222 1326 4295 συμφορᾷ.
1343 4254 1380 4266 -
1394 4213 1496 4292 Οἴσειν]
1513 4214 1709 4296 συμπέρασμα.
1723 4240 1790 4278 -α

153 4324 222 4364 ιο-
243 4305 298 4364 Καί
317 4307 369 4363 τῶν
392 4302 531 4374 Ἀθηναίων
553 4302 693 4380 μενόντων]
717 4306 751 4368 ὡς
772 4300 804 4360 ἂν
827 4304 850 4360 εί
873 4301 969 4381 ἔλεγεν,
1013 4302 1081 4369 Τοίνς
1095 4301 1122 4360 δέ
1133 4302 1222 4379 λόγους
1235 4297 1419 4383 μακροτέρους]
1433 4300 1552 4381 περιττὸν
1567 4302 1599 4360 τὸ
1611 4305 1819 4387 μακροτέρας..

194 4389 362 4468 ἀμυνομένων
382 4389 433 4471 πρδ
455 4397 500 4449 τοῦ
523 4390 657 4472 φρουρίου,
675 4390 689 4449 δ
712 4389 848 4464 ἐποίησαν,
865 4389 910 4448 καί
932 4389 969 4468 μί,
1013 4390 1087 4471 ἤρκει
1096 4387 1147 4470 γάρ
1161 4388 1251 4458 εἰπεῖν,
1263 4386 1322 4455 τοὺς
1336 4387 1363 4446 δί
1375 4387 1466 4468 λόγους
1479 4391 1507 4446 οὗ
1521 4387 1597 4468 παρὰ
1610 4390 1642 4449 τδ
1652 4393 1792 4471 είωθδςμσς

195 4476 294 4535 ἐώντων
307 4478 407 4555 μηδένα
416 4481 472 4537 ,τῶν
487 4477 699 4554 Λακεδαιμονίων
709 4476 839 4548 άποόῆναι
854 4474 906 4535 άπίν
918 4481 970 4536 τῶν
1014 4482 1149 4553 κυνοῦμεν.
1162 4511 1202 4520 -
1216 4475 1394 4543 Λιδάσκοντάς
1406 4483 1463 4547 τι..]
1480 4474 1638 4557 ὑπερῦατόν·
1658 4479 1790 4540 διδάσκαλ-

194 4568 258 4623 νεῶν
272 4567 297 4632 ἐς
310 4564 357 4637 τὴν
370 4569 431 4642 γῆν·
445 4562 475 4623 τδ
491 4563 530 4637 δέ,
544 4564 589 4623 καί
603 4564 676 4624 οὐδὲν
691 4564 903 4644 ὑποχωρούντων,
914 4565 970 4623 ἀντί
1013 4589 1060 4631 τας
1072 4563 1157 4642 λόγοις
1167 4561 1196 4621 τδ
1215 4561 1280 4634 δέον,
1297 4566 1349 4620 τῶν
1364 4562 1493 4645 προύργου
1515 4586 1541 4620 τι
1560 4563 1705 4643 πράσσειν.
1721 4565 1762 4626 ἵνα
1777 4556 1793 4644 ᾗ

194 4656 240 4710 τοῦ
254 4652 312 4710 κατ’
329 4649 402 4710 οὐδέν
417 4651 629 4732 ὑποχωρούντων.
644 4691 675 4702 -
690 4671 713 4711 υ.
729 4652 775 4717 Ἐς
790 4651 867 4710 τοῦτό
879 4675 908 4709 τε
922 4675 970 4710 πε·
1013 4657 1136 4722 τοιοῦτον,
1157 4648 1292 4716 πείθοντας
1319 4649 1389 4731 λόγῳ
1407 4648 1514 4715 δεόντιος
1534 4650 1744 4730 διαπράττεσθαι
1762 4651 1792 4711 τί

158 4759 185 4799 σο
195 4737 284 4818 ριίστη
294 4744 311 4810 ἡ
323 4737 435 4818 τύχη...]
443 4741 478 4804 ώς
487 4738 518 4796 δν
531 4740 553 4796 εί
563 4737 660 4817 ἔλεγεν,
673 4741 699 4806 ἐς
708 4744 783 4798 τοῦτο
793 4738 970 4820 περιεστράφη
1015 4737 1185 4818 προςίμοντα.
1205 4734 1364 4817 παραίτησιν
1383 4735 1410 4794 δὲ
1429 4741 1446 4806 ἡ
1461 4735 1527 4804 λέξις
1540 4736 1661 4818 περιέχει
1674 4744 1723 4812 τῆς
1737 4741 1819 4810 ἐστ-ῃ

195 4823 971 4904 ἡτύχηἏθηναίοιςκαίΛακεδαιμονίοις,ώςτε’Λθηναίους
1015 4825 1093 4903 μένης
1110 4822 1298 4904 μακρολογίας,
1311 4823 1440 4890 ούκόντος
1455 4827 1610 4882 Λακωνικοῦ
1626 4831 1677 4884 τοῦ
1698 4848 1791 4908 μακρο-

197 4912 244 4991 μίν
258 4916 289 4972 ἐκ
301 4918 348 4985 τῆς
362 4917 515 4986 Λακωνικῆς
531 4913 727 4973 ἀντιτάττεσθαι
740 4913 970 4991 Λακεδαιμονίοις,
1014 4916 1109 4992 λογεῖν.
1122 4947 1162 4957 -—
1174 4915 1235 4972 Τῶν
1251 4910 1390 4992 προύργου]
1403 4914 1455 4968 τῶν
1471 4910 1632 4973 σπουδαίων.
1647 4948 1691 4960 ·-
1704 4935 1727 4976 α.
1738 4913 1790 4976 Δί·

197 5001 418 5078 Λακεδαιμονίους
432 4999 461 5060 ὀί
477 5001 520 5059 ἐπί
533 4999 581 5074 τὴν
595 5006 644 5081 γῆν
661 4998 709 5072 τὴν
724 5003 822 5058 ἑαυτῶν
838 5000 922 5072 ζητεῖν
941 5003 971 5058 ἐκ
1016 5000 1074 5058 όετε
1085 4997 1112 5059 δέ
1119 4998 1254 5082 αὐτούς...]
1261 4999 1389 5057 ἀκούσατε
1397 4996 1569 5075 δὲτῶνλόγων
1577 4998 1646 5075 μιίτε
1654 5001 1788 5080 δυςμενῶς,

197 5091 261 5146 νεῶν
274 5088 434 5162 ὀποῦαίνειν,
449 5088 494 5148 καί
507 5094 583 5149 τοῦτο
594 5087 748 5147 κωλύεσθαι.
761 5084 830 5145 κατίι
844 5085 909 5146 πολὺ
921 5084 972 5168 γάρ
1015 5089 1050 5153 ὡς
1064 5084 1194 5163 πολεμίων
1215 5083 1365 5156 ἀκούοντες,
1387 5083 1454 5160 μήτε
1470 5084 1608 5152 ἀσυνέτως·
1623 5088 1685 5146 ἀλλ’
1703 5078 1744 5147 σία
1760 5085 1788 5156 δι]
