3676 5828
706 314 882 377 sefloLlA.
905 314 931 387 I,
947 321 1066 375 92-95.
1649 320 1681 372 31

89 464 177 524 οθκίτι
191 458 284 526 αὐτοὺς
299 458 398 538 ἀφῶσιν
410 456 435 514 οί
447 449 663 529 Λακεδαιμόνιοι,
682 449 760 510 όπότε
776 452 867 532 σαφῶς
913 451 1006 526 τομῆς.
1018 479 1050 492 -
1059 446 1583 532 Ἐγγείνιοι]τετράπλευρω,τετρσ’γωνοι.
1599 487 1638 497 -
1651 444 1694 513 (λδ

90 552 238 613 ἀκούσειαν.
254 582 288 593 -
302 566 325 606 ε.
339 548 365 607 Τ
366 542 409 610 οίις
421 540 560 624 πρίοόεις]
573 543 624 598 τῶν
639 538 867 617 Λακεδαιμονίων.
916 536 1049 615 διενοεῖτο]
1063 528 1160 602 οὗτινος
1171 535 1250 619 δίψους
1266 537 1387 596 διενοεῖτο
1399 531 1464 596 εἶναι
1481 539 1512 598 τδ
1525 541 1618 622 τεῖχος.
1629 580 1661 593 -
1671 565 1694 605 ο.

91 677 132 688 ...
141 637 283 715 Ἐνταῦθα]
297 630 417 713 ἐντούτῳ
433 633 472 710 τῷ
484 626 582 711 χρόνῳ.
596 627 773 708 -Φανερῶς
787 616 871 703 εἶπεν]
915 622 1057 685 Ἕόοόλετο
1078 632 1090 710 ]
1112 631 1128 686 ό
1143 625 1538 707 Θεμιστοκλῆς.-Ἀφιστοίναι]
1544 630 1695 710 ἀποτροπὴν

91 729 122 788 τὸ
140 732 234 807 σχῆμα
247 722 365 800 πλοίγιον·
381 716 489 779 δυνατδν
504 714 555 796 γδιρ
569 714 658 783 καλῶς
669 715 722 773 ἀπὸ
735 716 870 791 Θεμιστο-
916 712 1008 801 ποιεῖν,
1022 712 1197 790 ἀποπέμπειν.
1212 747 1243 759 -
1258 712 1413 788 Ἐπιόολοίς]
1433 714 1568 782 ίπιθίσεις.
1584 757 1616 769 -
1634 722 1695 780 Τῶν

66 817 185 886 ,κλέους
208 812 254 872 καὶ
276 814 312 878 ῶς
338 807 389 868 ιἰπδ
413 803 573 868 Θουκυδίδου
594 808 678 862 ταῦτα
703 801 872 881 λέγεσθαι]
917 791 1724 891 ἀχρειοτάτων]οἷονγερόντωνκαὶπαίδων.-7,Προςίχιιςος

94 907 190 970 Κακῶς
196 902 242 960 καί
250 905 326 959 τοῦτο
336 893 566 976 παραγέγραπται.
579 890 714 972 1’Λντικρυς
723 891 789 949 τοῦ*
802 891 874 950 Θου-
919 889 992 967 ίδών]
1003 886 1047 946 τὸν
1061 893 1120 946 νοῦν
1130 890 1250 968 προςεῖχε
1260 889 1367 961 νοῆσας.
1378 892 1418 951 διδ
1428 893 1474 953 καί
1486 896 1621 978 ναόμαχος
1632 899 1695 957 έκα·

95 992 200 1052 κοδίδου
221 987 291 1050 ἐστίν
310 991 327 1054 ἡ
350 982 434 1060 φωνῆ.
454 979 525 1058 λέγει
543 977 593 1060 γδιρ
613 973 700 1046 οὗτος·
721 977 766 1037 καί
783 981 870 1053 Θεμι-
918 979 996 1036 λεῖτο.
1008 1013 1041 1026 -
1053 974 1111 1048 Τὴν
1123 976 1193 1035 κατδι
1205 977 1340 1036 θάλασσαν
1350 973 1469 1055 ἔφοδον...
1482 975 1573 1057 οὖσαν]
1586 987 1699 1046 ἐπιστό-

96 1085 208 1153 στοκλῆς
233 1074 347 1138 ίπιλθὼν
374 1074 428 1140 τοῖς
452 1067 681 1145 Λακεδαιμονίοις,
709 1069 819 1125 ἐνταῦθα
841 1061 874 1135 δὴ
919 1063 1169 1146 μενος,φησί,τοδς
1179 1063 1287 1146 Πέρσας
1300 1070 1362 1148 ῥᾷον
1372 1065 1415 1126 διδ
1426 1070 1640 1144 θαλάσσηςῆδιδ
1652 1078 1700 1154 γῆς

96 1173 212 1254 φανερῶς
223 1158 290 1227 εἶπε.
301 1195 336 1205 -
346 1159 554 1243 Πρεσόειίεσθαε]
565 1154 686 1237 πρίοόεις
699 1156 823 1230 πέμπειν.
836 1186 876 1198 ·-
919 1150 1050 1234 ἔρχεσθαι.
1066 1190 1098 1206 -
1109 1152 1312 1235 Εὐπορωτίραν]
1327 1155 1407 1218 πλίον
1427 1158 1582 1237 δυναμένην.
1599 1210 1630 1222 ,,
1644 1164 1701 1234 Τῆς

58 1284 83 1324 ιο
98 1257 178 1339 nup&
196 1262 272 1336 σφᾶς]
286 1253 366 1329 ἤγουν
382 1248 442 1314 τοὺς
456 1244 612 1316 Ἀθηναίους.
626 1241 876 1321 -Διαγιγνῶσκον-
920 1239 975 1298 ἅνω
988 1239 1097 1313 πόλεως]
1114 1231 1180 1299 ε’ίναε
1195 1241 1323 1313 δηλονότι.
1340 1277 1372 1288 -
1385 1246 1555 1316 Καταόάντες
1569 1250 1594 1316 ἐς
1608 1249 1698 1323 αὐτόν]
1715 1277 1740 1317 ιο

96 1371 176 1414 τας...
191 1342 237 1403 καὶ
250 1340 283 1400 τδ
296 1333 384 1418 κοινοί]
397 1341 473 1394 τοῦτο
487 1332 614 1401 ἀπόδειξις
627 1337 686 1404 τοῦ,
699 1329 739 1389 ότι
753 1325 877 1411 ἔμφρονίς
920 1327 1053 1408 τῆγνιίιμῃ
1061 1326 1179 1399 δηλονότι
1187 1328 1403 1407 Θεμιστοκλέους.
1413 1371 1445 1383 -
1456 1353 1478 1394 ε.
1487 1334 1700 1416 Ἐτιιχίσθησαν]

97 1439 156 1494 εἰσι.
168 1454 238 1491 -ο,
248 1428 314 1490 Μετ’
324 1424 439 1501 ἐκείνων]
449 1423 528 1498 ἤγουν
538 1424 589 1480 τῶν
604 1415 827 1495 Λακεδαιμονίων.
837 1449 878 1460 -
920 1419 958 1496 τῷ
980 1416 1060 1495 τείχει
1078 1416 1335 1498 περιεφυλοίχθησαν.
1355 1446 1387 1456 ·-·
1403 1420 1508 1495 Τοίλλα]
1528 1421 1563 1482 τὰ
1583 1424 1702 1485 ἰδιωτικὰ

97 1514 284 1599 Βονλεόεσθαι]
296 1513 366 1574 κατδι
376 1516 462 1571 κοινοῦ
474 1505 796 1582 τδέδόκει.-·Φανῆναι]
809 1500 878 1562 κατδ
921 1503 967 1563 καί
983 1507 1007 1562 οί
1023 1503 1080 1563 ναοί
1099 1504 1226 1575 δηλονότι.
1238 1543 1270 1556 -
1287 1505 1382 1579 Εὐθιίς]
1399 1507 1466 1586 μετὰ
1482 1509 1513 1569 τδ
1528 1516 1700 1592 τειχισθῆναι.

99 1614 184 1670 κοινοῦ
199 1606 228 1665 τδ
242 1604 420 1685 ἔφασαν-7.
433 1600 474 1656 Οθ
488 1595 539 1675 γὰρ
548 1586 601 1654 οἷόν
613 1617 642 1653 τε
655 1584 768 1675 εἶναι...]
782 1590 827 1650 ίδιν
840 1587 877 1668 με]
922 1590 1037 1652 -Μετδι
1052 1591 1100 1663 τῆν
1113 1590 1213 1662 Μῆδεον
1223 1592 1403 1676 ἀναχώρησιν]
1420 1595 1488 1675 μετὰ
1502 1597 1535 1657 τδ
1548 1598 1616 1658 κατδ
1629 1602 1703 1681 Μαρ-

61 1726 85 1765 ‚5
100 1697 213 1776 ἔχωμεν,
231 1691 308 1774 φασί,
320 1697 405 1768 τεῖχος
418 1689 453 1753 ὡς
466 1688 490 1743 οί
505 1683 593 1754 ἄλλοι,
608 1681 738 1758 μέλλομεν
754 1678 813 1738 οὐδὲ
829 1676 879 1751 τῆν
923 1676 1015 1740 δόνιον.
1024 1683 1108 1739 ταῦτα
1121 1680 1149 1739 δί
1163 1679 1216 1739 ἔδει
1227 1683 1307 1740 εἰπεῖν
1319 1681 1386 1760 μετὰ
1398 1682 1431 1742 τὰ
1447 1687 1616 1769 ίνΜυκόλη·
1632 1689 1700 1749 ἀλλδ
1718 1710 1742 1750 ιε

99 1782 181 1854 αὐτὴν
188 1781 294 1860 γνώμην
303 1777 372 1856 ἔχειν
380 1779 407 1835 ἐν
415 1775 467 1840 τοῖς
473 1771 602 1848 πολίμοις.
610 1768 739 1848 ίσωςγδιρ,
747 1765 879 1845 πολεμίων
924 1766 966 1825 διδ
981 1765 1062 1844 μέσου
1078 1766 1126 1838 τὴν
1140 1767 1301 1849 τειχοποιίαν
1318 1769 1408 1845 εἰπὼν,
1421 1773 1525 1840 εἰκότως
1541 1775 1621 1834 πόλιν
1638 1780 1704 1837 ἐπα-

101 1869 236 1940 ἔλθόντων,
248 1866 310 1942 ἡμῖν
330 1861 377 1941 μὲν
392 1860 459 1928 δόξει
471 1857 509 1936 μῆ
521 1856 668 1937 μοίχεσθαι,
684 1855 753 1913 ἀλλὰ
768 1852 880 1913 σπένδε·
923 1853 1095 1935 νίρχεταεὲπλ
1106 1853 1140 1913 τδ
1151 1855 1220 1915 κατδι
1232 1857 1399 1920 Παυσανίαν.

102 1964 177 2028 σθαι,
191 1959 226 2022 ῶς
243 1951 281 2031 II
299 1950 389 2031 ἔχουσι
408 1952 506 2027 τεῖχος,
525 1947 579 2011 τοῖς
595 1944 623 2003 δὲ
639 1943 727 2009 ἄλλοις
740 1944 876 2018 πολεμεῖν.
964 1943 1062 2004 XCIV.
1083 1961 1105 2002 ν.
1115 1943 1164 2010 Ἐς
1175 1943 1294 2025 Κύπρον]
1321 1944 1364 2004 διδ
1377 1945 1408 2005 τδ
1421 1936 1581 2023 ε’ίναιαθτῆν
1594 1951 1644 2011 ὑπδ
1656 1957 1704 2033 βα-

102 2047 132 2105 οὔ
143 2043 194 2122 γὰρ
207 2041 352 2120 ἐνδέχεται,
366 2037 409 2095 τὸν
424 2035 461 2113 μὴ
476 2035 538 2094 ὄντα
552 2032 609 2091 ίσον
615 2034 666 2089 τῶν
678 2030 765 2088 ἄλλων
779 2032 878 2109 θαρσῆ·
925 2028 1008 2090 σελέα.
1027 2059 1058 2072 ·-·
1078 2030 1307 2112 Κατεστρέψαντο]
1323 2033 1520 2113 κατεχείλασαν.
1539 2067 1574 2079 -
1592 2038 1638 2107 Ἐς
1650 2043 1703 2100 Bu.

60 2167 89 2208 20
103 2157 148 2193 σαι
164 2130 221 2191 κατ’
237 2127 346 2194 ἐκείνους
361 2124 406 2185 καί
422 2122 510 2201 ὅμοιόν
531 2143 557 2179 τε
569 2118 763 2200 ἀποφήνασθαι.
784 2150 825 2162 -
842 2112 880 2175 Ἦ
925 2117 1036 2189 ζοίντιον]
1049 2117 1103 2176 θπδ
1114 2124 1198 2178 κοινοῦ
1210 2118 1241 2178 τὸ
1254 2118 1438 2200 ίστροίτευσαν.
1453 2154 1484 2167 -
1501 2123 1703 2210 Ἐξεπολεόρκη-
1718 2151 1744 2192 οο

101 2219 265 2297 πάντας...]
276 2215 320 2274 ίνα
334 2213 378 2274 ἐπὶ
390 2211 495 2271 ποίντων
508 2206 662 2280 σώζηταιτδ
675 2204 882 2266 ίσον.-·’Λτεε·
926 2211 992 2277 σαν]
1015 2207 1189 2287 πολιορκῆσαι
1215 2205 1246 2265 τδ
1275 2204 1352 2285 μόνον
1376 2207 1451 2267 πόλει
1482 2217 1706 2292 προςκαθεσθῆναι

102 2287 219 2389 χίστους]
235 2304 287 2364 ἇπδ
301 2300 449 2382 ἀτειχίστου
462 2297 569 2362 πόλεως.
925 2291 1076 2369 πολεμίους·
1089 2293 1292 2374 ἐκπολιορκῆσαι
1313 2292 1343 2353 τδ
1359 2295 1454 2365 τελίως
1475 2299 1638 2360 καταλαόεῖν
1656 2301 1705 2376 τῆν

143 2397 229 2456 XCII.
245 2389 378 2468 Κωλιίμη]
390 2385 511 2446 κωλύσει.
524 2381 578 2442 ἰδία
592 2378 619 2439 δί
637 2377 732 2451 Mt<
749 2375 882 2439 GouvaI⁴
925 2379 1001 2439 πόλιν
1011 2378 1057 2438 καί
1067 2382 1196 2447 είςελθεῖν.

107 2487 161 2544 ὅου,
170 2517 211 2528 -
223 2481 319 2558 Δῆθεν]
330 2470 601 2554 δδῆθενπροςποίησιν
616 2465 663 2545 μίν
675 2465 730 2547 ίχει
744 2464 882 2545 ἀληθείας,
967 2468 1053 2528 XCV.
1074 2467 1166 2527 Βιαίου
1189 2468 1261 2535 ὄντος
1272 2470 1361 2541 αὖτοῶ]
1374 2477 1525 2552 τυραννικοῦ
1545 2473 1707 2557 ὑπάρχοντος

105 2571 217 2649 δύναμιν
230 2568 258 2628 δί
271 2567 389 2649 ψεύδους.
402 2598 442 2609 -
455 2565 480 2622 Τ
481 2585 503 2641 ῳ
514 2559 602 2639 κοινῷ]
616 2553 681 2634 ὑπέρ
695 2560 740 2614 τοῦ
748 2559 884 2615 κοινοῦό-
927 2559 973 2614 τοῦ
985 2554 1148 2616 Παυσανίου.
1157 2585 1189 2598 -
1202 2554 1280 2616 Κατδι
1291 2555 1321 2615 τδ
1341 2555 1475 2638 ξυγγενίς]
1492 2560 1536 2619 δεδι
1553 2560 1600 2632 τὴν
1617 2560 1706 2642 ξυγγί.
1720 2595 1747 2634 ,5

63 2685 92 2725 ος
105 2643 884 2739 Ἐπρεοόεόσαντο]πρίσόειςἔπεμπον.-Μείλιστα];θπερ-
927 2664 1006 2701 νειαν.
1021 2679 1051 2693 -
1065 2641 1243 2724 Ἐπιτρόπου]
1263 2643 1350 2703 ἄδειαν
1367 2644 1474 2707 διδόναι.
1488 2682 1520 2694 -
1535 2668 1556 2707 2.
1567 2649 1709 2729 Προςεῖχον
1727 2643 1731 2651 ’

107 2744 266 2810 θαλλόντως.
278 2776 319 2787 -
338 2736 545 2809 Ἀνεπικλῆτως]
565 2729 785 2812 ἀκατηγορῆτως,
801 2727 884 2808 μηδδν
927 2727 1278 2810 τῆνγνείνμην]πρδςαθτοίις
1289 2721 1361 2810 εἶχον
1369 2730 1417 2803 τῆν
1430 2730 1548 2810 γνώμην.
1559 2773 1590 2786 -
1601 2736 1708 2810 Tama]

105 2831 280 2911 ἐγκληθέντες.
927 2817 962 2876 τὰ
979 2818 1041 2900 περί
1057 2823 1104 2890 τῆς
1121 2818 1269 2896 ἡγεμονίας.
1282 2857 1314 2869 -
1325 2818 1462 2892 Φαίνοιτο]
1482 2819 1539 2879 ἀντί
1557 2827 1602 2881 τοῦ
1617 2823 1709 2905 ἐφάνη.

146 2920 250 2980 XCIII.
272 2916 320 2994 Τῷ
333 2908 479 2993 τρόπῳ]τῆ
497 2911 615 2989 μηχανῇ.
628 2939 670 2954 -·
684 2925 707 2969 2.
725 2903 885 2985 Οἰκοδομία]
928 2952 960 2965 ..
984 2925 1007 2967 ο.
1031 2903 1238 2982 Μετεπίμποντο
1258 2905 1437 2980 Παυσανίαν]
1462 2908 1499 2974 είς
1523 2911 1709 2990 Λακεδαίμονα

106 3006 136 3066 τδ
147 3003 282 3082 οἰκοδομία
295 3000 362 3067 τινὲς
370 2998 514 3068 όξύνουσιν·
528 2992 652 3073 οἰκοδομὴ
667 2991 695 3053 δὲ
710 2997 758 3054 οὐκ
772 2992 883 3076 είρηται.
929 2991 1057 3067 δηλονότι.
1070 3023 1101 3036 -
1111 2991 1325 3073 Ἀφικνουμίνων]
1342 2996 1378 3061 εἰς
1394 2994 1582 3073 Λακεδαίμονα
1598 2999 1709 3081 ίρχομί-
1723 3028 1749 3068 ηε

66 3125 94 3167 30
107 3130 148 3141 -
160 3097 202 3156 Οὐ
218 3086 452 3171 ξυνειργασμίνων]
467 3087 497 3145 οὗ
511 3084 653 3154 ξυσθέντων
667 3081 713 3141 καί
727 3080 883 3142 ίσωθέντων.
929 3104 991 3142 νων.
1011 3077 1092 3140 -Ἢ
1108 3081 1266 3162 στρατηγία]
1281 3080 1311 3140 τδ
1328 3104 1346 3153 η
1364 3080 1439 3140 ἄλλοι
1457 3078 1610 3160 σύνδεσμον,
1628 3084 1710 3167 ίτεροι

106 3217 148 3229 -
166 3181 259 3241 Ἔστιν
271 3171 301 3258 ᾗ]
315 3174 385 3235 κατεί
403 3197 475 3241 τινας
488 3171 589 3240 τόπους.
603 3206 643 3218 -
662 3169 726 3230 ’Λπδ
741 3169 886 3251 σημάτων]
930 3167 958 3227 δὲ
970 3166 1063 3249 ιίρθρον
1075 3157 1196 3228 ε’ίπον.-
1207 3187 1230 3228 ε.
1246 3169 1401 3240 Καλεῑσθαι]
1414 3170 1450 3235 εἰς
1464 3167 1650 3248 Λακεδαίμονα
1660 3174 1710 3245 δη-

108 3269 161 3329 aab
176 3268 277 3347 βάσεων
298 3260 466 3344 ἀνδριάντων.
485 3295 517 3306 -
527 3257 723 3341 Είργασμένοι]
741 3248 794 3317 οἷον
813 3260 886 3334 ίγγε-
930 3251 1025 3313 λονότι.
1037 3290 1069 3302 -
1082 3254 1152 3335 Παρ’
1164 3254 1313 3328 ’Λθηναίους
1331 3253 1541 3333 μετατάξασθαι]
1556 3257 1620 3339 πρὸς
1634 3258 1711 3332 ’Λθη-

107 3353 252 3437 γλυμμένοε
266 3350 362 3417 τόπους
375 3347 446 3416 τινὰς
460 3349 505 3407 καί
523 3345 650 3429 πρόςωπα
669 3344 787 3425 ἔχοντες,
805 3347 887 3404 λελα-
930 3339 1016 3408 ναίους
1029 3343 1170 3418 μετελθεῖν,
1185 3346 1369 3420 μετατεθῆναι.
1381 3372 1414 3387 ·-
1426 3341 1504 3414 Πλῆν
1520 3346 1572 3403 τῶν
1588 3344 1641 3404 ἀπὸ
1654 3347 1712 3407 Ila.

108 3442 235 3521 ξευμένοι.
255 3474 296 3485 -
314 3435 564 3515 Ἐγκατελίγησαν]
586 3432 885 3515 δγκατιρκοδομῆθησαν.
931 3427 1108 3500 λοποννῆσου]
1134 3430 1158 3488 οί
1185 3427 1236 3510 γδρ
1263 3429 1470 3502 Πελοποννήσιοι
1503 3430 1632 3501 θπῆκουον
1659 3438 1711 3495 τῶν
1726 3462 1751 3502 τε

67 3561 95 3601 35
107 3530 231 3610 Ὄμηρος
240 3529 298 3607 [Od-
310 3528 348 3599 Σ,
360 3525 424 3604 οπο]
933 3513 1159 3593 Λακεδαιμονίων.
1171 3552 1204 3566 -
1212 3538 1234 3576 τ.
1242 3517 1373 3596 Εθθόνθη]
1381 3514 1488 3585 είιθιίνας
1498 3518 1603 3595 δίδωκε,
1610 3521 1656 3582 καί
1663 3545 1713 3583 νεα·

932 3601 1086 3676 τεδικοίσθη,
1109 3603 1155 3662 καί
1178 3602 1357 3684 κατεγνώσθη.
1378 3641 1408 3658 -
1425 3605 1469 3667 TI
1487 3604 1515 3665 δί
1535 3606 1657 3686 μέγιστα]
1679 3609 1713 3669 τὰ

933 3689 1021 3763 κοινδ,
1034 3691 1051 3749 δ
1060 3693 1116 3750 ίστι
1134 3691 1258 3770 δημόσια.
1276 3724 1308 3737 -
1324 3692 1476 3772 Μηδεσμός]
1492 3691 1527 3753 τίς
1542 3698 1596 3755 τῶν
1612 3697 1713 3770 Μήδων

109 3821 142 3838 ..
155 3778 271 3857 Μείζων]
286 3781 332 3837 τοῦ
350 3775 476 3858 προτέρου
491 3770 610 3843 δηλονότι
624 3770 728 3850 μνίίνννι
748 3808 780 3823 -
795 3770 890 3830 Πάντα
933 3783 1071 3859 φρονῆσαι.
1087 3816 1119 3828 -
1133 3777 1313 3860 Σαφέστατον]
1325 3784 1402 3838 τοῦτο
1417 3781 1453 3843 δες
1467 3778 1541 3863 παρὰ
1551 3785 1599 3842 τοῦ
1609 3785 1712 3846 Θουκυ-

109 3868 216 3948 δμοίως]
230 3867 276 3928 καί
288 3863 364 3926 κοινδ
376 3863 423 3923 καί
431 3860 490 3944 ίερδ
502 3860 630 3933 δηλονότι.
642 3898 673 3910 -
685 3881 706 3921 ο.
719 3860 856 3944 (λ’πῆρκτο
868 3861 890 3919 δ’
934 3865 1005 3925 δίδου
1017 3865 1129 3948 είρηταε.
1142 3868 1172 3924 οδ
1188 3863 1239 3946 γδρ
1250 3864 1320 3944 λέγει
1332 3868 1384 3932 τοῖς
1401 3868 1617 3946 Λακεδαιμονίοις
1629 3870 1711 3953 σαφί-
1727 3895 1752 3937 ⁴1

69 3995 97 4036 ⁴0
111 3959 202 4037 αὐτοῦ]
216 3954 357 4037 ἀρξόμενος
369 3943 402 4024 δν
413 3956 459 4011 τόῠ
470 3950 547 4032 ἔργνν
560 3949 644 4018 αὖτίς·
659 3985 689 4000 ·-
701 3947 832 4029 Ἐκείνον]
845 3953 890 4011 τοῦ
934 3978 1030 4014 στατον
1039 3945 1120 4014 ε’ίναι·
1131 3944 1150 4027 ἤ
1162 3953 1214 4034 γὰρ
1227 3953 1259 4013 ἂν
1272 3952 1471 4036 ἐτιμωρήσαντο
1482 3955 1569 4030 αθτδν,
1580 3955 1650 4018 δκαί
1662 3981 1714 4019 πε-

110 4042 329 4123 Θεμεστοκλίονς.
344 4089 375 4103 ..
389 4039 456 4101 Κατ’
473 4036 624 4099 ἐνιαυτδν...
639 4029 702 4116 ἤρξε
715 4037 727 4115 ]
741 4037 809 4096 κατοί
831 4060 889 4095 τινα
934 4040 1075 4114 ποιῆκασεν
1089 4039 1196 4123 ὕστερον
1211 4041 1278 4118 μετὰ
1289 4040 1332 4100 τδν
1345 4040 1462 4123 ίλεγχον.
1474 4080 1505 4093 -
1518 4063 1539 4102 ο.
1554 4045 1652 4105 θθκίτε
1667 4049 1714 4107 Ix—

111 4131 228 4194 όνιαυτδν
250 4128 357 4209 ἡγεμὼν
371 4128 485 4206 ἐγένετο·
506 4125 559 4207 πρὸ
579 4123 606 4184 δί
619 4128 671 4184 τῶν
686 4126 813 4196 Μηδικῶν
829 4116 891 4205 ἦρξε
935 4128 1082 4208 πέμπουσι]
1098 4127 1314 4206 Λακεδαιμονίοις
1324 4128 1376 4210 πρδ
1385 4135 1432 4201 τῆς
1442 4129 1674 4198 ίξετιίσεωςέδόκεε
1684 4134 1715 4194 τδ

111 4220 295 4298 Θεμιστοκλῆς
315 4214 431 4276 ἐνιαυτὸν
454 4210 509 4274 ἕνα.
532 4251 563 4262 -
582 4212 736 4293 Λθτοφυεῖς]
759 4211 840 4291 ἤγουν
861 4214 891 4271 οὔ
936 4206 1323 4296 ίγκλημασαφίςεῖναι·μετδ
1340 4213 1429 4286 δέτὴν
1447 4217 1495 4274 οὐκ
1507 4216 1585 4298 θρθῆν
1598 4216 1715 4287 ἐξέτασιν

111 4303 317 4389 χειροποιήτους.
335 4334 361 4342 -
379 4299 492 4380 Λῦτοίις]
503 4297 563 4366 τοίις
575 4298 732 4371 Ἀθηναίους.
744 4337 775 4353 -
787 4297 892 4381 Προφέ·
936 4301 1005 4370 ἔδοξε
1019 4301 1066 4380 μὲν
1079 4301 1308 4373 θπολελιίσθαι,οὗ
1321 4298 1548 4379 μῆνπαντοίπασεν
1560 4304 1716 4377 ἀπῆλλακτο
1728 4336 1753 4378 ⁴5

71 4425 98 4464 ης
114 4394 184 4476 ρεεν]
201 4394 343 4451 ἐπιδοῦναι.
358 4427 391 4439 -
402 4388 447 4455 Ἐς
462 4387 492 4447 τὸ
507 4385 656 4455 κτήσασθαι
674 4384 796 4467 δύναμιν]
809 4390 844 4454 είς
861 4388 892 4446 τὸ
935 4392 982 4461 τῆς
998 4388 1129 4456 ὑπονοίας.
1145 4390 1185 4448 διὸ
1196 4386 1255 4448 οὗδί
1275 4387 1421 4469 ίξεπίμφθη
1439 4391 1503 4470 παρ’
1522 4393 1608 4450 αὐτῶν
1624 4392 1672 4456 ίτι,
1685 4429 1717 4440 -

112 4478 303 4559 δυνατωτέρους
316 4475 446 4555 γενέσθαι.
459 4474 581 4551 δύναμιν,
597 4473 677 4552 ἤγουν
692 4473 847 4534 θαλασσίαν.
861 4508 893 4519 -
936 4477 1041 4557 Δόρκιν]
1059 4475 1142 4554 όνομα
1163 4474 1261 4556 κύριον.
1281 4510 1312 4521 -
1332 4475 1471 4557 Ἐφίεσαν]
1486 4477 1668 4561 παρεχώρουν,
1685 4518 1718 4530 .-

112 4589 135 4630 ε.
147 4566 284 4628 ’Λνθεκτία
290 4564 359 4643 ἐστί]
369 4566 472 4645 πρῶτος
479 4553 549 4632 εἶπε,
561 4560 651 4642 φησίν,
659 4559 699 4620 ότι
710 4563 751 4620 δεῖ
760 4561 835 4644 παίσῃ
848 4563 894 4622 δυ·
935 4568 970 4624 Οἱ
983 4563 1126 4642 ξύμμαχοι]
1144 4564 1168 4622 οί
1182 4563 1244 4647 περὶ
1260 4562 1304 4622 τὸν
1320 4562 1425 4644 Δόρκιν.
1443 4591 1474 4602 -
1487 4563 1545 4637 Τῆν
1562 4565 1717 4649 ἡγεμονίαν]

113 4656 191 4733 νάμει
210 4651 365 4733 ἀντέχεσθαι
380 4655 427 4722 τῆς
444 4647 587 4719 θαλάσσης.
603 4682 643 4693 -
664 4648 748 4717 Εὗθδς
769 4649 893 4728 ξυγκατε-
936 4649 1179 4731 ἤγεμονεύειν.-τ.
1192 4651 1331 4723 Ἀπῆλθον]
1346 4653 1381 4717 είς
1389 4652 1574 4731 Λακεδαίμονα
1589 4655 1716 4726 δηλονότι.

113 4741 250 4821 σκεύαζεν]
262 4739 352 4817 εὐθὺς,
363 4738 451 4820 φησίν,
459 4735 516 4814 ἅμα
527 4739 566 4817 τῷ
578 4737 785 4815 συμόουλεῦσαι,
796 4738 893 4819 ἤρξατο
936 4778 968 4790 -
980 4738 1027 4811 Μῆ
1042 4738 1139 4820 σφίσιν]
1153 4738 1190 4817 μὴ
1199 4737 1343 4817 μηδίσωσι,
1355 4738 1401 4796 καί
1412 4738 1514 4821 χείρους
1524 4744 1577 4800 τῶν
1591 4743 1716 4823 πραγμεί-
1730 4772 1753 4815 ω

74 4825 765 4913 ωτῆνθαλασσοκρατίανκατασκευιίζεεν.-υ.Τοῶ
780 4826 892 4906 τείχους]
937 4851 989 4886 των
1011 4830 1064 4886 τῶν
1086 4830 1246 4888 Λακωνικῶν
1271 4823 1406 4902 γίνωνται.
1428 4864 1459 4876 -
1477 4826 1716 4904 ’Λπαλλαξείοντες]

113 4923 159 4977 τοῦ
171 4921 199 4977 έν
214 4917 343 4998 Πειραιεῖ.
361 4944 393 4956 -
409 4911 545 4974 Ἐναντίαι
558 4912 696 4986 ἀλλήλαις]
709 4913 726 4986 ἤ
740 4918 895 4974 ὑπαντῶσαι
938 4915 1143 4981 ἂπαλλακτεκῶς
1158 4911 1276 4993 ἔχοντες,
1288 4911 1420 4972 τοντίστεν
1436 4903 1618 4991 ἐπιθυμοῶντες
1630 4918 1717 4975 δπαλ·

115 4999 492 5081 θλλῆλσις,ῆσυνεζευγμέναε
502 4998 546 5059 διδ
556 4999 589 5059 τδ
599 5000 697 5080 μεγίθη
706 5005 758 5061 τῶν
767 5001 896 5062 λίθων-
937 5004 1060 5081 λαγῆναι.
1075 5035 1106 5049 ·-
1117 4999 1300 5080 Ἐξηγεῖαθαι]
1319 4999 1449 5078 ἡγεμόνας
1468 4991 1543 5065 εἶναι.
1564 5033 1597 5046 -
1615 5002 1718 5087 Ἐντῷ

115 5089 381 5174 Ξυνιριιοδομημένοι]
392 5089 579 5170 οννδεδεμίνογ.
591 5124 631 5136 -
642 5087 691 5153 Ἐν
702 5095 782 5173 τομῇ]
794 5089 837 5150 διδ
846 5096 893 5164 τῆς
939 5090 999 5151 τότε
1010 5088 1131 5170 παρόντι]
1145 5092 1172 5150 ἐν
1192 5093 1230 5172 τῷ
1251 5087 1411 5171 ἐνισταμένην
1423 5089 1519 5172 χρόνῳ.

170 3656 285 3723 Λῑμασιός
292 3671 318 3705 τε
328 3656 410 3718 λέγων.

1658 5177 1694 5218 27.
