3676 5828
177 316 214 368 ,⁸
639 332 644 341 -
859 298 1095 360 rnucrmms

175 433 226 516 γδρ
238 430 416 500 δυνατώτατος
429 433 480 491 τῶν
495 429 552 489 καθ’
566 426 658 488 ἑαυτὸν
676 425 721 487 καί
735 426 806 506 ἄγων
821 425 868 500 ris
881 429 956 486 πολι·
1000 435 1107 484 omnium
1119 447 1170 485 suae
1180 435 1260 484 aetatis
1271 433 1444 498 hominum,iu
1457 433 1581 498 republica
1598 434 1792 488 administrantis

175 523 247 583 τιίαν
262 526 414 594 ἠναντιοῦτο
428 518 514 577 πάντα
528 519 581 585 τοῖς
595 514 826 593 Λακεδαιμονίοις,
840 513 886 573 καί
908 515 956 572 οὒκ
1001 533 1044 583 per
1054 520 1134 570 ⁰¹¹¹ssss
1146 519 1318 570 adimitur
1332 519 1535 581 [ffloedffiffliiffib
1548 533 1594 571 ¹¹⁰⁰
1607 521 1707 573 Μ
1718 523 1791 574 Mi*

176 610 217 671 εία
227 609 340 669 ὑπείκειν
354 610 411 666 ἀλλ’
427 609 452 674 ἔς
465 605 507 665 τδν
518 603 633 682 πόλεμον
644 601 721 684 ὥρμα
732 601 790 670 τούς
801 600 957 674 Ἀθηναίους.
1002 607 1098 658 aienses
1107 607 1153 657 illis
1160 608 1258 670 cedere,
1270 607 1313 658 sed
1321 607 1353 658 ad
1364 607 1455 658 bellum
1466 620 1509 659 ens
1519 607 1643 660 incitabat

216 698 374 759 cxxviii.
396 691 573 753 Ἀντεκέλευον
591 688 618 750 δὲ
638 691 684 749 καί
706 694 730 749 ci
751 690 880 761 Ἀθηναῖοι
899 687 957 755 τοὺς
1034 697 1165 747 cxxvnl.
1182 695 1340 746 Attieniuses
1353 695 1503 759 reroetipsi
1518 696 1791 750 vicissimLacedme·

176 782 398 863 Λακεδαιμονίους
412 781 442 840 τδ
456 780 507 839 ἀπδ
518 778 651 859 Ταινάρου
662 777 722 856 ἄγος
735 775 859 836 ἐλαύνειν·
872 779 896 836 οί
906 774 957 857 γὰρ
1002 783 1049 832 11ῦῦ
1060 783 1136 847 i¹¹¹1iel
1136 784 1221 844 ibini,
1231 787 1259 833 ¹¹²
1270 783 1491 846 il¹⁰⁸›il115lliifflss0
1502 783 1534 832 id
1542 787 1673 836 Timum
1681 787 1791 838 “mim

177 871 382 949 Λακεδαιμόνιοι
407 865 600 939 ἀναστήσαντές
621 889 686 924 ποτε
707 868 737 924 ἐκ
758 870 804 924 τοῦ
824 866 892 945 ἱεροῦ
911 868 957 922 τοῦ
1002 871 1152 930 tenebamur,
1170 885 1200 920 ex
1216 870 1276 920 urbe
1295 871 1418 934 pellerent.
1456 871 1632 923 lacedemonii
1648 873 1716 923 enirn
1734 886 1789 925 cnm

177 963 340 1025 Ποσειδῶνος
359 956 411 1015 ἀπὸ
424 953 556 1035 Ταινάρου
579 957 629 1011 τῶν
648 952 773 1014 Εἱλώτων
787 951 875 1018 ἱκέτας
888 953 959 1009 ἀπα·
1002 957 1060 1007 olim
1069 958 1166 1007 Heiutus
1173 958 1291 1022 supplices
1300 971 1330 1008 ex
1340 959 1444 1021 Neptem
1453 960 1677 1023 tempioaTaensro
1685 962 1789 1013 excitas·

177 1047 300 1127 γαγύντες
310 1045 465 1126 διέφθειραν,
477 1041 515 1100 διδ
528 1039 559 1111 δὴ
574 1040 620 1099 καλ
633 1039 720 1121 σρίσιν
731 1043 815 1107 αὐτοῖς
826 1036 958 1117 νομίζουσι
1003 1049 1068 1106 sent,
1082 1059 1124 1095 ees
1138 1047 1254 1096 abductos
1264 1047 1445 1109 iuterfecerunt,
1455 1061 1504 1111 qua
1512 1048 1610 1110 quidem
1619 1063 1695 1100 cansa
1705 1055 1732 1101 et
1742 1049 1790 1115 ipsi

176 1135 221 1194 τὸν
234 1133 316 1211 μέγαν
327 1131 433 1207 σεισμὸν
443 1126 561 1209 γενέσθαι
573 1129 600 1184 ἐν
611 1127 732 1209 Σπάρτῃ.
775 1129 805 1204 (ο)
819 1124 958 1187 Ἔκέλευον
1003 1133 1172 1196 sihimagnum
1186 1135 1336 1185 illnmterrae
1352 1139 1550 1199 motumspartee
1560 1137 1680 1188 accidisse
1693 1142 1789 1202 putant.
1825 1200 1829 1213 Ι

178 1221 205 1282 δὲ
220 1220 265 1281 καλ
279 1220 364 1291 τὸτῆς
376 1215 532 1279 Χαλκιοίκου
546 1214 606 1294 άγος
618 1213 733 1273 ἐλαύνειν
743 1213 844 1281 αὐτούς·
858 1212 959 1292 ἐγένετο
1004 1221 1172 1283 (titubabant
1185 1223 1517 1287 proetereaetiampiacuium
1528 1224 1789 1278 nulamscaalcioeoe
1824 1278 1829 1297 ¹

177 1308 206 1368 δὲ
220 1307 326 1367 τοιάνδε.
368 1306 402 1383 (s)
420 1302 529 1372 Ἐπειδὴ
548 1301 702 1369 Παυσανίας
722 1305 736 1359 ὁ
754 1298 959 1378 Λακεδαιμόνιος
1004 1309 1098 1371 pellere.
1131 1310 1161 1360 ld
1179 1324 1238 1360 uero
1256 1310 1393 1372 hujusmodi
1410 1311 1464 1360 tuit,
1498 1312 1532 1375 (3)
1546 1315 1681 1376 norcqmm
1700 1316 1788 1365 Pam
1824 1300 1829 1359 Ξ

177 1397 208 1456 τὸ
229 1400 331 1477 πρῶτον
354 1389 548 1472 μεταπεμφθείς
570 1389 620 1449 ὑπὸ
644 1392 818 1470 Σπαρτιατῶν
840 1387 893 1447 ἀπὸ
912 1391 959 1458 τῆς
1003 1399 1054 1445 uias
1066 1396 1286 1447 Lacedaemoniusa
1301 1399 1541 1462 Spartanisprimum
1557 1405 1688 1453 revocatus
1703 1401 1789 1453 rain
1826 1410 1829 1443 ²

178 1487 262 1567 ἀργῆς
272 1488 319 1554 τῆς
331 1484 357 1540 ἐν
370 1478 559 1557 Ἑλλησπόντῳ
573 1477 618 1536 καί
631 1477 726 1554 κριθείς
739 1477 783 1534 ὑπ’
795 1478 880 1534 αὐτῶν
894 1478 958 1532 άπε-
1003 1481 1081 1543 perio,
1094 1482 1160 1545 quod
1176 1483 1200 1531 in
1214 1484 1368 1546 Hellesponto
1380 1483 1499 1546 habebat,
1515 1497 1637 1549 causaque
1652 1484 1720 1551 apud
1735 1486 1788 1537 flios
1824 1460 1829 1509 ί

178 1552 242 1644 ((6)
261 1570 298 1648 μὴ
314 1571 420 1640 ἀδικεῖν,
433 1565 547 1646 δημοσίᾳ
566 1563 613 1643 μὲν
626 1563 713 1624 οὐκέτι
728 1564 891 1645 ἐξεπέμφθη,
905 1560 958 1642 ἰδία
1003 1567 1081 1631 dicta,
1094 1569 1125 1619 ab
1137 1570 1195 1632 ipsis
1210 1575 1249 1621 est
1259 1571 1385 1620 absolutus
1402 1576 1428 1621 et
1443 1572 1557 1622 innocens
1569 1573 1788 1638 hahitumpuhlhs
1824 1560 1830 1611 Ῐ

178 1659 206 1720 δέ
224 1659 301 1725 αὐτὸς
318 1655 413 1736 τριήρη
430 1654 520 1714 tutin
541 1652 694 1734 Ἑρμιονίδα
711 1651 771 1710 ἀνευ
789 1651 959 1727 Λακεδαιμο-
1003 1656 1100 1719 quidem
1111 1657 1143 1707 sd
1158 1658 1247 1707 nullum
1262 1659 1436 1722 expeditionem
1452 1663 1536 1723 postea
1549 1661 1656 1724 amplius
1669 1665 1708 1712 est
1718 1662 1787 1715 emis·

178 1750 239 1807 nimo
260 1746 406 1827 ἀρικνεῖται
430 1745 455 1809 ές
474 1740 680 1812 Ἑλλήσποντον,
702 1744 740 1820 τῷ
760 1735 806 1816 μέν
823 1735 894 1817 λόγῳ
915 1735 959 1793 ἐπί
1003 1757 1060 1806 sus,
1076 1745 1119 1795 sed
1134 1747 1186 1808 ipse
1202 1747 1314 1809 privatim
1332 1751 1428 1810 sumpta
1445 1748 1534 1797 triremi
1550 1749 1722 1812 llermionide,
1736 1750 1787 1803 sin

178 1835 222 1894 τὸν
234 1831 388 1905 Ἑλληνικὸν
403 1829 527 1908 πόλεμον,
545 1832 583 1909 τῷ
595 1825 623 1886 δέ
637 1826 704 1908 ἔργῳ
721 1824 755 1884 τά
767 1824 832 1905 πρδς
848 1821 959 1904 βασιλέα
1003 1831 1190 1883 lacedemoniis
1206 1833 1305 1883 obiitin
1321 1835 1517 1898 Hellespontum,
1533 1835 1785 1901 rectoraticum
1819 1862 1825 1893 :

177 1920 323 2004 πράγματα
342 1918 477 2001 πράσσειν,
493 1914 583 1997 ὥσπερ
598 1915 643 1974 καί
656 1916 687 1973 τὸ
700 1918 802 1997 πρῶτον
817 1910 958 1993 ἱπεχείρη-
1003 1921 1114 1969 Graecum
1131 1919 1234 1984 beilum,
1255 1922 1350 1985 τείρεα
1370 1935 1442 1982 vero,
1461 1923 1518 1986 quia
1535 1925 1629 1986 negotis
1649 1938 1708 1975 mm
1725 1928 1786 1989 lim
1820 1934 1825 1969 t

179 2035 232 2082 w,
244 2009 373 2091 ἐφήμενος
383 2011 428 2078 τῆς
442 2005 601 2077 Ἑλληνικῆς
614 2005 705 2084 ἀρχῆς.
748 2001 781 2079 (ι)
799 1997 958 2083 Εὗεργεσίαν
1003 2007 1133 2070 transigere
1144 2007 1254 2069 volebat,
1268 2007 1473 2072 quemadmodum
1484 2015 1509 2060 et
1519 2011 1589 2061 initio
1603 2018 1707 2063 conatus
1721 2019 1785 2075 crat,

179 2099 207 2159 δὲ
231 2097 285 2156 ἀπὸ
307 2097 382 2154 τοῦδε
404 2098 506 2176 πρῶτον
526 2095 551 2160 ἐς
574 2089 685 2172 βασιλέα
702 2088 825 2149 κατέθετο
843 2086 889 2145 καί
912 2090 958 2144 τοῦ
1005 2095 1105 2145 crees
1120 2096 1280 2160 principatum
1296 2096 1418 2147 affectans.
1450 2097 1486 2161 ((ν)
1501 2099 1648 2149 aeneadum
1662 2105 1785 2153 summes

178 2186 274 2252 παντὸς
291 2183 447 2266 πράγματος
465 2179 549 2262 ἀρχὴν
568 2177 717 2250 ἐποιήσατο·
761 2177 794 2256 (ο)
818 2173 958 2245 Βυζάντιον
1004 2182 1048 2231 hac
1058 2183 1195 2245 reprimam
1209 2183 1273 2247 apud
1288 2187 1376 2247 Regem
1390 2185 1530 2247 collocarit,
1545 2187 1671 2251 totiusque
1685 2187 1786 2239 relisclt

179 2273 307 2356 γὰρὲλὼν
327 2277 359 2353 τῇ
379 2269 492 2352 προτέρα
508 2266 639 2349 παρουσία
654 2263 721 2344 μετά
736 2264 784 2335 τδν
798 2267 827 2323 ἔκ
849 2261 959 2344 Κύπρου
1004 2270 1105 2320 initium.
1132 2272 1166 2335 (5)
1179 2273 1313 2321 cumcuim
1323 2276 1377 2335 post
1387 2277 1570 2337 suumecypro
1580 2275 1785 2340 reditum,prlors
1812 2330 1817 2339 ,

180 2363 346 2443 ἀναγώρησιν
361 2350 440 2438 (εἶχον
456 2355 482 2415 δέ
493 2358 581 2428 Μῆδοι
595 2352 674 2425 αὐτά,
684 2352 729 2412 καί
740 2350 867 2432 βασιλέως
876 2372 960 2430 προσ·
1003 2357 1107 2408 adventu
1116 2360 1257 2420 Byzantium
1272 2362 1414 2423 occupasset
1427 2361 1640 2424 (tenebantautem
1653 2362 1718 2413 Medi
1733 2376 1786 2414 eu

178 2431 284 2521 ήκοντές
301 2470 367 2513 τινες
387 2445 432 2505 καί
455 2443 582 2522 ξυγγενεῖς
603 2440 650 2521 [oi]
672 2439 792 2499 ἑάλωσαν
817 2442 843 2497 ἐν
861 2438 960 2517 αύτῷ),
1003 2451 1027 2495 et
1038 2445 1136 2509 quidam
1147 2447 1208 2508 regis
1217 2447 1344 2497 necessarii
1351 2449 1376 2497 et
1384 2448 1478 2510 cognati
1489 2447 1690 2514 [quiJineacapti
1698 2451 1785 2515 αισι),

179 2538 238 2598 τότε
252 2534 358 2601 τούτους
370 2532 412 2600 οὓς
426 2530 519 2591 ἔλαθεν
532 2529 685 2608 ἀποπέμπει
696 2528 799 2608 βασιλεῖ
812 2525 899 2608 κρύρα
909 2528 961 2582 τῶν
1004 2534 1186 2596 tunclros,quos
1191 2539 1295 2598 ceperat,
1301 2535 1362 2584 clam
1370 2536 1456 2585 ceteris
1463 2537 1537 2586 sociis
1544 2537 1573 2586 ad
1584 2541 1674 2600 Regem
1682 2539 1785 2603 rensidte

180 2629 267 2686 ἄλλων
282 2621 435 2703 interpelles,
452 2623 490 2701 τῷ
503 2617 531 2678 δδ
545 2618 616 2698 λόγῳ
632 2615 783 2697 ἀπέδρασαν
797 2612 885 2674 αὐτόν.
929 2615 960 2690 (s)
1005 2620 1134 2670 sedverbo
1142 2634 1172 2670 ex
1184 2622 1259 2685 ipsius
1270 2622 1380 2673 manibus
1390 2623 1538 2686 aufugerant.
1573 2625 1785 2687 (minnistan

179 2713 322 2795 Ἐπρασσε
337 2709 365 2770 δὲ
384 2715 468 2768 ταῦτα
490 2704 557 2784 μετδι
579 2704 713 2783 Γογγύλου
731 2707 778 2761 τοῦ
794 2699 961 2783 Ἐρετριέως,
1005 2709 1144 2771 peragendis
1155 2710 1266 2759 utebmnr
1276 2724 1349 2773 opera
1363 2712 1464 2774 Gongyii
1478 2712 1635 2774 Eretriensis,
1650 2714 1723 2777 cuius
1733 2714 1785 2767 aas

179 2795 252 2882 ὧπερ
267 2798 390 2879 ἐπέτρεψε
403 2795 432 2855 τά
445 2819 473 2853 τε
485 2793 624 2863 Βυζάντιον
636 2792 682 2851 καί
695 2790 754 2858 τούς
767 2787 960 2870 αἰχμαλώτους.
1005 2800 1029 2845 et
1043 2797 1185 2858 Byzantium
1195 2803 1219 2847 et
1230 2798 1338 2861 captivos
1349 2800 1511 2848 commiserat.
1544 2800 1610 2851 Misit
1622 2807 1706 2853 antas
1715 2803 1785 2856 ctiam

178 2863 304 2970 ίΕπεμγε
314 2886 341 2945 δὲ
352 2885 398 2944 κα(
407 2881 545 2953 ἐπιστολὴν
559 2880 603 2941 τδν
617 2880 747 2960 Γόγγυλον
760 2878 869 2960 φέροντα
881 2878 961 2958 αὐτῷ·
1005 2884 1143 2948 epistolam,
1162 2899 1235 2949 quam
1248 2886 1502 2951 Gongyiusadipsum
1520 2887 1598 2939 terret.
1637 2892 1786 2943 llaecantcu

179 2975 353 3058 ἐνεγέγραπτο
362 2971 389 3032 δέ
403 2971 465 3031 τάδε
475 2975 502 3030 ἐν
513 2973 636 3048 αύτῇ,ὡς
649 2967 755 3049 ύστερον
770 2964 904 3044 ἀνευρέθη.
927 2966 960 3041 (7)
1005 2972 1401 3038 inescantinebantur,ntpostea
1413 2980 1563 3038 compertum
1575 2982 1621 3026 est.
1656 2976 1786 3041 (7)·Ρ1·

180 3093 192 3118 «
208 3063 362 3129 Παυσανίας
376 3064 389 3119 δ
403 3057 510 3139 ἡγεμὼν
521 3062 566 3128 τῆς
576 3055 701 3138 Σπάρτης
713 3053 807 3114 τούσδε
817 3052 847 3112 τέ
862 3075 902 3111 σοι
915 3074 962 3132 χα-
1005 3061 1085 3111 ταινίαι
1094 3061 1144 3111 dux
1155 3065 1256 3125 sparte,
1266 3067 1291 3112 et
1300 3062 1354 3124 hos,
1365 3062 1407 3111 tibi
1420 3062 1545 3124 gratificari
1557 3065 1668 3128 cupiens,
1678 3066 1786 3129 nmini,

181 3153 294 3235 ρίζεσθαι
307 3147 461 3231 βουλόμενος
473 3143 625 3223 ἀποπέμπει
640 3143 695 3224 δορί
709 3141 785 3215 έλών,
797 3139 843 3200 καί
854 3137 962 3218 γνώμην
1005 3162 1066 3212 quos
1075 3150 1148 3199 armis
1159 3149 1236 3212 cepit,
1248 3154 1273 3200 et
1282 3148 1359 3199 liabeo
1370 3148 1394 3199 in
1405 3150 1498 3212 animo,
1510 3150 1531 3199 si
1540 3151 1689 3217 tibiqucqnc
1697 3152 1786 3217 plau,

178 3239 344 3316 ποιοῦμαι,εἰ
353 3234 398 3295 καί
405 3234 445 3295 σοί
455 3235 534 3305 δοκεῖ,
540 3231 670 3313 θυγατέρα
678 3229 760 3301 τετὴν
770 3228 818 3300 σλν
826 3227 963 3308 γ’ἤμαικαί
1005 3237 1078 3286 tiliam
1094 3243 1161 3286 tuam
1174 3237 1200 3287 iu
1211 3237 1389 3287 matrimonium
1405 3236 1504 3298 ducere,
1515 3242 1540 3288 et
1555 3242 1787 3301 Spartamoetcm·

180 3350 221 3386 em
242 3325 368 3405 Σπάρτην
392 3347 421 3382 τε
444 3320 489 3380 καί
506 3320 555 3392 τὴν
573 3321 655 3392 ἄλλην
675 3317 794 3380 Ἑλλάδα
814 3315 961 3396 ὑποχείριον
1005 3338 1053 3387 que
1071 3325 1188 3375 Graeciam
1209 3325 1254 3374 sub
1271 3328 1338 3374 tuam
1357 3328 1501 3389 potestatem
1521 3325 1635 3390 redigere.
1671 3329 1787 3381 Existimo

180 3419 300 3486 ποιῆσαι,
312 3410 426 3477 Δυνατδς
438 3410 464 3467 δὲ
477 3410 545 3467 δοκῶ
559 3399 625 3466 εἶναι
634 3413 717 3466 ταῦτα
727 3404 825 3487 πρᾶξαι
837 3402 905 3481 μετὰ
915 3408 962 3461 σοῦ
1005 3416 1086 3462 autem
1100 3426 1139 3462 me
1150 3426 1222 3475 posse
1231 3413 1283 3463 liaec
1293 3426 1417 3476 peragere,
1428 3414 1449 3463 si
1459 3418 1538 3463 ιοουιιι
1549 3415 1649 3466 consilis
1658 3416 1786 3469 commu·

183 3501 375 3582 βουλευόμενος.
400 3500 434 3558 Et
448 3487 492 3555 οὗν
516 3494 542 3555 τί
564 3517 593 3553 σε
613 3493 711 3553 τούτων
732 3492 851 3575 ἀρέσκει,
874 3490 962 3568 πέμπε
1005 3513 1067 3549 cem.
1099 3500 1662 3564 siquidigiturhommtltriplaoet,lrominem
1673 3503 1787 3557 (λείπεταί

182 3590 262 3670 ἀνδρα
278 3587 370 3646 πιστὸν
386 3584 428 3643 ἐπὶ
443 3585 577 3644 θάλασσαν
598 3581 630 3640 δι’
644 3573 674 3640 ού
690 3580 720 3640 τὸ
733 3578 825 3639 λοιπὸν
841 3577 898 3645 τοὺς
915 3578 963 3637 λά-
1006 3599 1071 3637 marc
1082 3588 1163 3638 mittas
1173 3588 1237 3648 iace,
1249 3600 1372 3652 perquem
1384 3589 1484 3652 postlnc
1495 3589 1669 3653 ccdoquemur.
1683 3611 1697 3636 ν

181 3701 241 3757 γους
251 3673 425 3751 ποιησόμεθα.
441 3699 452 3722 ν

221 3765 352 3825 cxxlx.
374 3762 501 3819 Τοσαῦτα
520 3756 569 3836 μὲν
585 3761 603 3828 ἡ
623 3754 711 3837 γραφὴ
734 3753 844 3827 ἐδήλου,
863 3752 963 3832 Ξέρξης
1037 3770 1142 3819 cxxix.
1158 3773 1236 3832 Atque
1246 3769 1299 3820 traec
1310 3773 1380 3832 sunt,
1392 3782 1448 3833 qua·
1459 3770 1483 3820 iu
1495 3769 1647 3835 iliaepistola
1658 3773 1788 3828 vestie·

181 3851 209 3912 δὲ
222 3850 290 3923 ἥσθη
301 3873 330 3908 τε
341 3873 373 3928 τη
388 3847 512 3925 ἐπιστολῇ
524 3844 569 3904 καί
583 3843 738 3903 ἀποστελλει
751 3841 907 3923 spectatos
918 3840 963 3900 τὸν
1006 3858 1076 3906 sertis
1086 3857 1276 3907 continebantur.
1308 3861 1399 3910 xerxes
1407 3859 1565 3908 serolaetatns
1573 3860 1666 3911 cottiae
1674 3862 1786 3928 epistoh,

181 3938 326 4022 Φαρνάκου
340 3936 383 3995 ἐπὶ
393 3935 538 4005 θάλασσαν,
545 3931 591 3990 καί
605 3930 705 3991 κελεύει
715 3929 793 3989 αὖτδν
805 3929 852 4002 τήν
864 3953 893 3988 τε
908 3933 964 3989 Δα-
1006 3949 1028 3993 et
1041 3945 1185 3994 Amabaznm
1196 3946 1311 3997 Pharnaci
1324 3945 1400 3994 silium
1411 3946 1442 3996 ad
1454 3960 1519 3997 mare
1531 3947 1611 4008 misit,
1623 3962 1730 4014 eumqrm
1738 3950 1788 4013 Jus-

182 4029 298 4087 σχυλῑςιυ
308 4022 470 4103 σατραπείαν
478 4020 653 4101 παραλαύεῖν,
667 4018 963 4099 Μεγαύάτηννάπαλλά-
1006 4032 1038 4081 sit
1051 4033 1158 4096 accipere
1171 4033 1319 4096 prouinciam
1332 4034 1479 4096 Dascylitiu,
1489 4035 1627 4098 Megalesia,
1643 4037 1687 4100 qui
1699 4038 1722 4089 el
1733 4042 1788 4091 ras

181 4115 262 4183 ξαντα
275 4112 302 4180 δς
316 4111 439 4192 πρότερον
454 4099 543 4190 ἦρχεν,
555 4107 600 4167 καὶ
615 4107 689 4188 παρά
701 4105 857 4167 Παυσανίαν
872 4108 897 4174 ές
912 4110 964 4166 Βυ-
1006 4126 1119 4184 praeerat,
1132 4120 1244 4183 dimicem
1257 4121 1326 4185 eique
1345 4120 1451 4171 vicissim
1469 4122 1594 4185 epistolam
1606 4122 1637 4174 ad
1646 4126 1788 4177 Pausaniam

182 4201 281 4271 ζάντιον
316 4194 455 4266 ἐπιστολὴν
490 4194 650 4254 ἀντεπετίθει
680 4197 752 4275 αὐτῷ
779 4198 814 4261 ris<
847 4192 962 4273 τάχιστα
1006 4205 1331 4270 dedit,impernns,nteam
1341 4210 1485 4270 Byzantium
1496 4223 1569 4273 qnam
1580 4210 1789 4265 celenintemitte·

182 4287 329 4368 διαπέμψαι
341 4285 386 4345 καί
396 4283 443 4356 τλν
456 4285 586 4364 σρραγῖδα
599 4281 747 4354 ἀποδεῖξαι,
757 4283 802 4341 καί
812 4283 844 4354 ἤν
856 4307 882 4341 τι
892 4284 963 4363 αὐτῷ
1006 4300 1055 4357 ret,
1067 4296 1149 4358 illique
1165 4296 1270 4358 sigillum
1287 4296 1436 4357 ostenderem
1448 4301 1486 4358 et,
1501 4297 1522 4347 si
1534 4298 1592 4361 quid
1609 4301 1743 4352 Pausanias
1759 4300 1790 4352 ds

182 4368 337 4441 Παυσανίας
350 4371 521 4454 παραγγέλλῃ
533 4370 593 4451 περὶ
612 4374 663 4429 τῶν
679 4374 771 4430 ἑαυτοῦ
790 4371 963 4452 πραγμάτων,
1006 4383 1057 4432 suis
1071 4384 1171 4445 negotiis
1185 4383 1322 4443 mandaret,
1338 4397 1420 4446 quam.
1427 4385 1561 4435 rectissime
1574 4390 1598 4436 et
1613 4400 1688 4450 quam
1703 4387 1789 4441 stetis

181 4466 308 4546 πράσσειν
320 4466 355 4528 ὡς
369 4461 464 4543 ἄριστα
478 4459 523 4518 καί
536 4459 691 4519 πιστότατα.
735 4462 764 4537 (ι)
778 4458 812 4518 Ὁ
828 4459 854 4517 δὲ
870 4461 964 4540 ἀρικό-
1006 4473 1066 4520 sime
1084 4471 1218 4520 conticeret.
1258 4472 1292 4532 (2)
1311 4472 1353 4521 lile
1372 4485 1429 4522 sero
1445 4474 1564 4536 protectus
1582 4488 1638 4525 οιιπι
1655 4475 1704 4526 alia
1718 4477 1790 4540 snit,

183 4576 259 4632 μενος
270 4549 304 4609 τά
317 4573 345 4608 τε
360 4549 428 4607 ἄλλα
446 4547 567 4620 ἐποίησεν
580 4545 668 4626 ώσπερ
683 4545 771 4627 είρητο
784 4545 829 4604 καί
841 4544 889 4617 τὴν
904 4550 964 4605 έπι-
1005 4558 1207 4622 quemadmodum
1215 4560 1357 4622 imperatum
1366 4566 1431 4621 erat,
1440 4562 1572 4611 tumetium
1581 4563 1708 4626 epistolam
1715 4566 1790 4617 misit.

182 4637 279 4711 στολὴν
293 4635 444 4717 διέπεμψεν·
457 4635 651 4717 ἀντεγέγραπτο
665 4635 693 4692 δὲ
707 4633 778 4694 τάδε.
823 4636 854 4710 (a)
872 4661 883 4686 ο
899 4624 964 4693 Ὧδε
1007 4648 1560 4711 llocautemrespousumineascriptumerst.
1580 4652 1792 4717 (³)«Sicrespou-

182 4732 253 4811 λέγει
266 4728 388 4812 βασιλεύς
402 4728 503 4810 Ξέρξης
519 4727 668 4808 Παυσανίᾳ·
680 4726 735 4787 Καί
744 4730 795 4784 τῶν
811 4727 911 4806 ἀνδρῶν
921 4726 965 4794 oti<
1006 4735 1709 4802 detxemesrexl‘ausrmiae:Quumobviros,qnosmilii
1725 4746 1792 4794 trans
1824 4732 1827 4737 ’

184 4845 230 4900 μοι
247 4820 328 4901 πέραν
345 4814 477 4889 θαλάσσης
496 4819 525 4876 ἔκ
544 4815 684 4884 Βυζαντίου
699 4814 799 4882 ἔσωσας
818 4813 903 4873 κεῖταί
923 4839 965 4874 σοι
1006 4836 1072 4873 mare
1093 4821 1224 4872 incolumes
1244 4824 1360 4886 Byzantio
1381 4824 1509 4885 remisisti,
1534 4825 1642 4877 beneficii
1662 4829 1740 4891 matis
1766 4831 1792 4882 ta

183 4905 317 4989 εὐεργεσία
332 4909 358 4964 έν
372 4910 410 4986 τῷ
421 4904 543 4986 ἡμετέρη)
557 4903 620 4984 οἴκῳ
637 4899 709 4960 teari
725 4899 904 4981 ἀνάγραπτος,
919 4901 965 4960 καί
1006 4911 1078 4960 domo
1094 4915 1175 4960 nostra
1190 4911 1232 4959 tibi
1251 4916 1366 4974 perpetuo
1381 4910 1489 4960 manebit
1506 4911 1624 4974 reposita,
1643 4914 1792 4980 scriptisque
1826 4958 1831 4979 Ι.

183 4998 237 5062 τοῖς
247 4993 331 5073 λόγοις
342 5002 396 5060 τοῖς
411 4992 464 5052 άπδ
476 4998 521 5051 σοῦ
536 4991 690 5071 ἀρέσκομαι.
733 4988 787 5048 Καί
799 5011 828 5046 σε
843 4987 965 5066 μήτενύξ
1006 5012 1129 5061 uunquam
1147 4998 1255 5049 delendis
1274 4998 1400 5061 mandatn3
1418 4999 1559 5050 tumetium
1579 5005 1620 5050 tua
1638 5002 1714 5053 rerba
1730 5005 1792 5057 mint

184 5083 247 5165 μήθ’
267 5081 355 5164 ἡμέρα
376 5081 506 5162 ἐπισχέτω
524 5077 591 5139 ώστε
613 5078 711 5139 ἀνεῖναι
734 5075 860 5156 πράσσειν
882 5099 907 5135 τι
928 5067 964 5135 ὧν
983 5070 987 5102 ¹
1009 5086 1110 5151 placent.
1148 5092 1182 5137 Ac
1199 5092 1222 5137 te
1237 5101 1314 5151 neque
1327 5101 1375 5137 nox
1392 5101 1470 5151 neque
1485 5087 1537 5159 dios
1552 5093 1696 5155 remoretur,
1712 5091 1749 5143 ita
1763 5095 1792 5145 at
