3676 5828
200 347 255 400 110
811 334 1153 411 SCHOLIA.V1,61-
1171 345 1218 396 69.

196 464 293 612 γιΩῖπον]
309 454 388 521 εἶπον.
402 460 532 519 τουτέστιν
547 457 691 538 θπίσγοντο
701 482 746 517 και
736 459 936 540 εκτρυξαν
949 484 970 521 ι.
1015 467 1075 522 σθαι
1095 463 1145 534 ἤδη
1148 463 1215 541 ]καΙ
1238 461 1354 541 ἑτοίμους
1377 454 1442 521 εἶναι
1467 464 1526 532 τοὺς
1548 465 1659 546 ἄνδρας,
1679 465 1740 547 παρ’
1762 458 1791 525 Aa

196 551 378 633 Ὧρέλητο]οὐ
393 547 465 629 γάρ
456 545 656 605 υπώπτευονέτι
671 546 806 616 ἀλλήλους
1015 549 1171 621 αθτὸςῆκει

235 642 310 701 LXI.
332 636 476 712 Χαλεπιις]
487 633 555 692 κατά
569 657 614 692 του
598 632 846 694 Ἀλκιύιοίδου.-
861 635 974 693 Καίκα-
1055 640 1142 697 LXV.
1156 628 1231 696 Εἶναι
1244 640 1270 696 ἐν
1282 636 1395 719 διανοίᾳ]
1409 638 1488 715 ἤγουν
1499 640 1791 706 οιανοεισθαι.-τ.Ες

195 730 288 809 τέδαρθ
289 729 355 798 ον]’
341 725 393 784 απδ
408 723 532 783 κοινοῦτίι
547 728 564 794 A
579 723 708 790 πολιη-
722 743 743 783 ³.
759 722 809 783 Διθι
823 730 916 795 ταῦτα]
932 723 974 782 διὰ
1014 723 1059 781 τὸν
1073 723 1141 782 κατά
1155 724 1185 783 τό
1196 725 1376 801 Ὀλυμπιεῖον]
1399 725 1478 784 τόπον
1493 727 1642 797 ἐπιτήδειον
1659 731 1789 808 ἐνστρττο

169 817 229 874 MA
243 813 444 895 κατηγορημένα
459 818 504 870 τοῦ
520 809 683 870 Ἀλκιόιοίδου
698 810 743 869 καί
763 809 805 869 διδι
820 835 878 877 τους
893 811 975 880 ξένους
1015 810 1203 882 πεδεύσασθαι,
1217 811 1310 887 λιμένα
1324 811 1406 890 μέγαν
1420 811 1462 882 δή.
1478 861 1511 873 ..
1523 814 1660 886 Ἄνῆκται]
1675 815 1811 875 ἀνέπλευι

196 907 274 962 αὐτοῦ
287 902 345 968 τοὺς
360 905 387 960 ἐν
401 899 502 980 Ἄργει,
520 898 724 965 ὑποπτευθέντος
738 899 896 957 ἐπιτίθεσθαι
922 908 976 965 τοῖς
1016 922 1068 958 τεν.
1087 932 1118 940 -
1139 899 1368 980 Ἀποστρέψαντες]
1392 900 1456 980 πρὸς
1476 902 1523 967 τὰς
1542 903 1718 982 Συρακούσας
1731 928 1792 976 κινη·

196 990 333 1072 Ἀργείοις,
348 992 372 1048 οἱ
383 988 512 1061 Ἀθηναῖοι
525 986 680 1065 παρέδωκαν
702 989 739 1066 τῷ
758 985 834 1067 δήμῳ
852 991 903 1046 τῶν
917 987 976 1062 Ap·
1016 985 1109 1051 θέντες.
1121 1034 1150 1044 -
1163 984 1392 1067 Ἀπυτρεπόμενοι]
1406 987 1717 1070 ὀπίοωέπανερχόμενοι.

196 1077 271 1187 γείων
287 1075 372 1140 τοὺςό
374 1067 542 1155 μήρουςτοθς
556 1075 583 1129 ἐν
597 1082 654 1140 ταῖς
674 1072 761 1142 νήσοις
776 1074 976 1151 ἀποκειμένους,
1057 1075 1155 1133 LXV!
1175 1075 1279 1146 Αύτοῖς]
1294 1077 1346 1140 τοῖς
1365 1075 1564 1153 Συρακουσίοις
1582 1076 1792 1148 -Ἐπιτήδειοη

196 1168 230 1230 A<
248 1163 356 1228 οἰκείους
377 1161 508 1227 όντας”
473 1184 524 1218 των
541 1167 586 1219 τοῦ
605 1159 771 1219 ’Λλκιόιάδου
790 1158 930 1229 ξένων.-
952 1184 974 1222 ι.
1017 1160 1244 1241 ἁρμόδιονένστρα
1247 1160 1516 1223 τοπεδεύσασθαι...
1503 1161 1792 1242 ἶΕρυμα1ρύλαγμι

159 1266 182 1301 ¹⁰
197 1255 221 1312 Γ
222 1251 296 1333 ίρητο
310 1249 337 1308 δέ
353 1256 484 1330 προειπεῖν
506 1250 587 1327 αὐτῶ]
603 1247 657 1328 εἰρ
642 1270 739 1318 ηκεσαν
759 1247 826 1306 δέ
807 1272 870 1314 ωςτε
885 1272 975 1329 προει-
1015 1287 1048 1300 -
1061 1247 1275 1327 Εὐεροδώτατον]
1289 1248 1433 1328 προςόῆναι
1455 1249 1574 1320 δηλονότι
1594 1251 1714 1311 δυνατόν.
1727 1254 1821 1328 §uA-1⁰

196 1341 254 1398 πεῖν
277 1340 411 1397 αυτῶ...
436 1327 557 1394 Ἀκολουθ
544 1339 606 1406 θεῖν]
631 1336 728 1399 τοῖςὲκ
745 1339 793 1405 τῆς
812 1335 977 1446 Σαλαμιγίας
1016 1332 1144 1442 πρόςιτογ.
1159 1335 1289 1401 ..Αίθοις
1302 1335 1416 1412 λογάδην
1430 1337 1475 1394 καί
1490 1335 1636 1408 ξόλοις]ότι
1649 1339 1792 1415 λογάδαςὲι

196 1423 264 1492 ναός.
277 1422 356 1485 -Τό
365 1446 394 1482 τε
405 1420 469 1500 πρὸς
480 1445 538 1487 τους
549 1425 575 1479 ἐν
586 1445 619 1501 τῃ
601 1421 782 1502 Σικελία]
758 1445 788 1480 το
797 1422 855 1481 τότε
865 1425 912 1481 οὐκ
922 1423 976 1482 ἔστι
1016 1426 1049 1499 τῇ
1069 1422 1131 1480 τετιί
1134 1445 1181 1533 ρτγ]
1203 1430 1235 1494 [υ.
1244 1433 1291 1480 Aet
1301 1430 1341 1494 ³1]
1366 1421 1436 1501 λέγει
1455 1423 1541 1490 λίθους
1560 1423 1621 1492 τοὺς
1641 1425 1791 1497 ἐπιλέκτοις,

196 1510 325 1594 χρονικδν,
340 1512 426 1568 ἀλλ’
413 1508 590 1589 ανέστραπται
609 1506 694 1579 οὕτω,
709 1513 736 1566 θε
725 1507 892 1587 εραπεύοντές
905 1533 933 1567 τε
947 1510 977 1567 τὸ
1018 1508 1106 1566 καῖ’
1080 1531 1109 1567 ου
1131 1508 1190 1575 τους
1205 1507 1388 1586 ἐπιτυχόντας,
1403 1511 1482 1581 δῆλον
1496 1511 1625 1571 ἐντευθεν.
1641 1545 1679 1557 -
1699 1511 1790 1592 Ὤρθτι·

197 1599 262 1679 πρὸς
276 1597 334 1664 τοὺς
349 1601 374 1656 ἐν
388 1601 421 1676 τῇ
436 1595 544 1676 Σικελίογ
560 1594 721 1675 στρατιώτας
737 1619 765 1654 τε
779 1597 917 1677 σφετέρους
930 1596 977 1655 καί
1018 1604 1077 1667 σαν]
1093 1597 1216 1675 χαλεπῶς
1230 1594 1356 1666 ἐποίησαν
1373 1598 1387 1622 *
1411 1596 1495 1676 ὀρθόν.
1513 1641 1546 1651 -
1563 1618 1586 1658 τ.
1611 1598 1663 1660 Ἐκ
1684 1597 1731 1677 μὲν
1755 1605 1791 1670 τῆς

160 1707 183 1742 ιο
197 1684 338 1763 πολεμίους
350 1683 387 1762 μὴ
401 1683 527 1764 θορυόεῖν,
548 1683 611 1748 ώςτε
627 1682 727 1761 μηδένα
741 1681 859 1763 θόρυύον,
878 1685 977 1754 συλλη-
1018 1684 1127 1754 πόλεως]
1144 1687 1197 1741 τῶν
1211 1684 1407 1763 Συρακουσίων.
1803 1702 1818 1738 ιι

197 1771 300 1854 ιρθέντος
309 1777 353 1830 τοῦ
366 1770 544 1843 Ἀλκιόιοίδοιί,
558 1769 625 1844 μήτε
633 1769 686 1827 ἀπὸ
699 1773 750 1827 τῶν
764 1770 886 1830 Ἀττικῶν
898 1793 978 1851 στρα-
1057 1774 1174 1832 LXVII.
1200 1771 1248 1830 Ἐν
1267 1771 1392 1851 πλαισίῳ]
1411 1775 1437 1830 ἐν
1451 1773 1609 1854 τετραγώνῳ
1628 1774 1792 1854 σχήματι...

196 1864 297 1919 τιωτῶν
312 1858 527 1937 ἀγανακτούντων
551 1855 683 1935 γενέσθαι,
704 1857 771 1934 μήτε
789 1856 842 1915 ἀπὸ
858 1860 909 1914 τῶν
929 1881 978 1915 πο-
1019 1861 1079 1918 Τῶν
1095 1858 1252 1929 ἐπιτάκτων]
1263 1861 1313 1916 τῶν
1321 1858 1426 1917 όπισθεν
1438 1860 1651 1938 ἐπιτεταγμένων
1665 1864 1738 1943 παρὰ
1744 1872 1791 1930 ταῖς

196 1946 294 2025 λεμίων
306 1944 568 2025 καταφρονησάντων.
581 1982 611 1995 -
625 1947 806 2024 Παραμεῖναι]
817 1948 843 2003 ἐν
858 1943 976 2023 Σικελία.
1019 1949 1112 2012 εθναῖς.
1127 1988 1158 1996 -
1171 1965 1193 2005 ι.
1208 1947 1313 2017 Αθτοῖς]
1325 1955 1378 2013 τοῖς
1392 1949 1587 2026 Συρακουσίοις.

197 2079 228 2087 -
242 2055 265 2095 σ.
275 2037 300 2094 Τ
301 2033 315 2092 A
323 2035 366 2094 ἐπὶ
375 2033 518 2113 διαύολῇ...
528 2035 655 2103 καταπλ]
670 2031 923 2113 προδιαύεόλημένοι
935 2032 979 2090 ἐπί
1058 2036 1189 2095 LXVIA.
1202 2055 1224 2094 κ.
1238 2032 1415 2105 Ἀπολέκτυυς]
1425 2033 1607 2114 ἐξῃρημένους.
1617 2081 1649 2093 ..
1657 2037 1791 2119 Ὺπερρρο·

158 2140 185 2176 20
199 2121 273 2194 δίκην
285 2123 476 2180 καταπλεῦσαι.
1020 2126 1092 2178 νοῧσι
1098 2121 1215 2198 ,]ἧγουν
1229 2127 1427 2201 περιρρυνοῦσι,
1438 2122 1502 2202 παρ’
1513 2123 1587 2181 οὐδέν
1599 2124 1700 2201 ἄγουσι
1712 2172 1741 2184 ..
1750 2126 1791 2186 Διί
1801 2140 1819 2176 ει

237 2212 326 2271 LXII.
349 2207 571 2288 κΤθμέροςτθ..
577 2207 703 2278 κόλπον]
715 2206 958 2265 ταδυτικωτατα
929 2231 977 2264 αυ
1019 2207 1049 2266 τί
1062 2206 1110 2279 τίν
1122 2207 1316 2285 ἐπιστηριην
1283 2233 1330 2278 της
1341 2210 1440 2285 τολυτς
1456 2209 1531 2281 ἥσσω
1550 2210 1633 2290 ἔχειν]
1648 2213 1707 2283 ἤτοι
1720 2213 1792 2270 οιίνο

198 2301 297 2368 ῖῆςι-
308 2298 392 2358 Οὖκέ
393 2296 510 2376 δέχοντο]
524 2299 548 2352 οἱ
567 2294 639 2374 Ἱμερ
641 2303 703 2355 αῖοι.
720 2292 979 2374 ..3.Παρεγένοντο
1019 2294 1164 2371 τόλμανέ
1134 2318 1181 2372 ραν
1199 2295 1318 2378 ἔχειν’
1289 2294 1390 2368 αυτούς,
1407 2296 1648 2373 ἕλ”πιστόμηνδ
1618 2322 1662 2357 ου·
1677 2297 1787 2370 AAA
1768 2322 1791 2356 τι

198 2385 260 2463 γάρ]
275 2389 327 2453 τοῖς
340 2384 491 2454 Ἀθηναίοις.
503 2416 534 2428 -
545 2385 698 2454 Αθτῶν]”
663 2407 693 2440 τι
692 2406 714 2440 ιν
731 2382 899 2461 Ἐγεσταίων.
1020 2374 1153 2454 ἥττοναῖ
1127 2406 1140 2440 ε
1151 2406 1193 2440 ναι
1206 2382 1254 2455 τλν
1264 2383 1368 2441 ἐκείνοιν
1380 2384 1574 2462 ἐπιστήμην”
1541 2409 1589 2454 της
1606 2387 1735 2467 ἡμετέρας
1745 2387 1793 2445 τόλ-

239 2475 338 2534 LXssl.
360 2492 380 2530 a.
398 2471 453 2530 Καί
467 2494 490 2528 ει
480 2469 707 2548 ξυνοικησοντες]
722 2461 808 2528 σ’ῖον
787 2493 809 2528 ει
824 2469 979 2548 γαμηθησό·
1021 2494 1081 2546 μης.
1094 2490 1152 2530 -τ,
1159 2473 1205 2530 ΙΙα
1208 2469 1340 2551 ραστητω]
1354 2471 1523 2550 δεδόχθωμ-
1534 2465 1669 2545 ΗΕξῆς]
1652 2474 1793 2545 ητοιλείπιι

160 2574 186 2612 2¹»
201 2582 285 2636 μενοι·
299 2558 329 2618 τὸ
344 2559 370 2617 δέ
388 2560 410 2616 εἰ
423 2556 479 2616 ἀντί
492 2562 538 2615 τοῦ
548 2555 655 2637 πότερον
670 2558 763 2616 κεῖται.
1020 2581 1050 2614 το
1037 2557 1086 2625 ἐξ
1097 2550 1128 2628 ἧς
1138 2557 1304 2638 ὁρμωμένους
1312 2604 1321 2636 ,
1330 2556 1380 2629 A
1356 2580 1386 2617 το
1401 2559 1427 2627 ἐξ
1438 2552 1468 2631 ἧς
1480 2558 1589 2619 ἀντιτου
1599 2563 1626 2619 ἐν
1636 2556 1665 2639 A
1677 2611 1708 2621 -
1719 2582 1740 2622 ι.
1750 2560 1794 2621 Καὶ
1802 2573 1820 2610 A

226 2645 344 2708 ⁴LXIV.
366 2649 401 2706 Οἱ
414 2644 555 2725 στρατηγοί
569 2648 620 2702 τῶν
633 2643 818 2721 Ἀθηναίων...]
830 2646 853 2701 οἱ
865 2665 981 2723 στρατη·
1020 2642 1067 2715 τὴν
1084 2651 1220 2726 παροῦσαν
1239 2644 1355 2724 ἀνοίγκην
1370 2646 1416 2705 καί
1432 2646 1555 2726 ἀπορίαν]
1572 2648 1604 2706 τὸ
1623 2652 1650 2708 ἐν
1670 2652 1793 2726 ἀλλοδαπῇ

200 2736 241 2815 γοῖ
251 2738 302 2794 τῶν
315 2733 472 2807 Ἀθηναίων,
484 2731 707 2812 προςελαυνόντων
727 2735 778 2789 τῶν
794 2729 980 2812 Συρακουσίων
1021 2755 1051 2790 τι
1060 2724 1126 2791 εἶναι
1140 2733 1185 2792 καί
1199 2733 1288 2814 πόρρω
1307 2738 1353 2804 τῆς
1364 2733 1496 2814 πατρίδος.

201 2823 246 2881 καί
266 2821 458 2902 ἐνυόριζόντων,
476 2822 695 2897 ἀγανακτοῦντες,
715 2816 867 2899 βουλόμενοί
881 2840 910 2875 τε
923 2815 982 2884 τοίις
1061 2823 1163 2883 LXIX.
1185 2821 1288 2898 Ἐπῆγε
1300 2820 1601 2902 τδστρρτόπεδον]κατά
1609 2827 1662 2882 τῶν
1674 2823 1794 2901 πολεμίων

202 2909 394 2991 Συρακουσίους
418 2912 528 2979 ποιῆσαι
551 2910 684 2987 προελθεῖν
705 2906 795 2988 πόρρω
814 2910 860 2977 τῆς
881 2904 981 2970 πόλεως
1022 2907 1147 2976 δηλονότι.
1159 2920 1205 2951 '-
1219 2907 1445 2986 Ἐπεληλύθεσαν]
1459 2912 1495 2976 εἷς
1507 2909 1555 2980 τὴν
1568 2910 1648 2968 πόλιν
1662 2911 1706 2982 δή.
1717 2944 1756 2955 -
1767 2912 1796 2970 θὶ

162 3017 188 3053 an
176 2999 352 3076 ιπανδημεί,
368 2997 425 3074 ἅμα
447 3021 475 3055 τε
487 2995 532 3055 καί
550 2995 624 3054 αὐτοί
641 3019 688 3075 στρ
690 2993 848 3053 ατόπεδονέ
836 2993 981 3064 ἐπιτήδειον
1023 2996 1063 3074 δέ]
1078 2994 1152 3054 αὐτοί
1166 2993 1231 3053 δέοί
1247 2994 1432 3067 ἐπεληλυθότες
1444 2998 1479 3061 εἰς
1492 2995 1539 3067 τὴν
1555 2995 1642 3055 πόλιν.
1657 3032 1697 3042 --
1714 2995 1824 3057 Ὑστέ-θ

201 3089 259 3144 καθ’
274 3085 388 3192 ἡσυχίαν
402 3082 572 3143 καταλαύεῖν.
597 3081 738 3153 -Δυνηθέ
740 3105 782 3140 ντε
784 3082 807 3160 ς]
824 3081 877 3190 ἀγτίι
895 3085 981 3138 κοινοῦ
1024 3088 1101 3163 ριζον]
1122 3083 1202 3161 ἤγουν
1227 3083 1377 3163 θστερον
1357 3107 1540 3252 ηρχοντοὲρ-
1553 3084 1798 3205 ἘλλιπεῖςΗγυνν

202 3349 224 3405 εί
237 3345 305 3405 κατὰ
317 3346 451 3405 α’θλασσαν
466 3368 581 3427 ρανερως
591 3345 636 3403 καί
645 3342 895 3424 ροησθημένων
860 3366 912 3400 των
926 3345 982 3402 Συ·
1024 3345 1075 3422 σιν,
1089 3349 1138 3425 οὐχ
1150 3338 1276 3417 ἧσσον
1242 3369 1293 3404 των
1306 3257 1448 3417 Ἀθθηναίών
1463 3344 1615 3457 ἐχώρουν
1592 3370 1630 3412 εις
1641 3347 1690 3417 τὴν
1705 3305 1798 3425 μάχην,

162 3457 347 3514 ρακουσιων
359 3432 515 3503 ἐπιπλεοιεν
527 3434 536 3510 ί
539 3430 697 3512 χαλεπὴν
670 3455 720 3512 γα
734 3430 839 3490 εσεσθαι
850 3429 925 3501 τὴν
910 3452 978 3488 απο
1023 3438 1056 3514 τῇ
1075 3433 1102 3492 A
1116 3432 1249 3513 ἐπιστημη
1262 3432 1425 3509 λειπόμενοι,
1439 3433 1484 3491 καὶ
1497 3456 1530 3511 τῃ
1513 3433 1721 3514 “προθυμία’
1704 3449 1829 3495 ακοντιςιν

203 3521 290 3594 όασιν,
305 3519 518 3629 ἀντιταχθησομέ
518 3545 568 3578 νων
582 3545 634 3578 ων
645 3519 777 3590 ἐναντίων
792 3517 875 3576 καλ
849 3541 897 3576 ουκ
913 3519 984 3574 ἀπα·
1023 3525 1202 3591 ἡττιῖιντομ-
1215 3522 1261 3588 Ἐς
1280 3519 1351 3599 ὅσον]
1369 3520 1461 3600 μέχρις
1474 3513 1569 3580 ού.-
1582 3521 1803 3598 Ἐπιστόμημο·

203 3608 336 3690 ρασκεύων
351 3607 496 3685 ὄντων,)
468 3631 513 3666 ουτ
514 3609 560 3665 ἐί
574 3607 688 3665 κατδι
655 3631 703 3685 γην
718 3605 813 3664 ἐπίοιεν
828 3608 858 3663 ἐκ
870 3628 914 3663 του
930 3628 980 3684 ρα-
1022 3607 1191 3684 λεμική.-
1150 3607 1371 3687 -Ἀντέχοι]’
1356 3608 1513 3666 αντιπίπτοι.
1528 3642 1569 3652 -
1585 3611 1636 3687 Τῷ
1652 3605 1802 3682 ἐλλείποντι]

202 3719 227 3754 νε
231 3701 288 3777 ροῦ·
303 3695 358 3772 (και
372 3695 422 3775 γδιρ
437 3693 523 3753 καί“
495 3717 575 3761 ουτως
589 3693 693 3753 ἐδόκουν
714 3691 906 3771 βλαὸήσεσθαι
913 3694 921 3768 )
942 3689 1056 3748 διδι’”
1024 3695 1248 3776 τηλλ.είψει-
1260 3718 1282 3755 2.
1305 3695 1411 3775 Σριίγια
1425 3693 1584 3776 προύριρον]
1599 3693 1789 3775 ἔμπροσθεν
1760 3717 1801 3762 της

202 3806 286 3840 ταυτα
299 3781 357 3853 AA’
343 3783 433 3860 απάτῃ
446 3779 584 3840 ἐόούλοντο
601 3779 765 3860 χρήσασθαι,
777 3779 822 3838 καί
835 3782 983 3859 παρασχεῖν
1024 3719 1181 3863 ῐῃστρατιθς
1194 3783 1452 3894 ἐσφαγιάζοντο-
1413 3780 1803 3861 -Τίινομιζόμενα]τδκατ“

164 3895 189 3926 ιιι
204 3867 309 3940 δόκησιν
330 3872 384 3936 τοῖς
402 3848 621 3949 Συρακουσίοις’
607 3892 641 3934 ως
659 3866 774 3924 κατδι
741 3889 790 3942 γην
807 3864 899 3938 ἰόντες,
915 3864 985 3930 ὅπως
1025 3870 1052 3929 {A
1039 3876 1079 3937 θος
1093 3871 1345 3949 νόμιμσνγενόμενα.
1356 3904 1396 3916 --
1406 3870 1520 3929 Ξύνοδον
1532 3869 1802 3951 ἐπώτρυνον]παρώρ-
1813 3884 1834 3921 ιι

203 3955 380 4024 ἐπεξελθόντες
392 3957 485 4014 ἐκεῖνοι
496 3954 628 4033 πανδημεί
641 3953 853 4034 παρατόξωνται.
865 3996 896 4006 .-
915 3951 984 4017 Τοίις
1026 3982 1082 4036 μων
1096 3958 1160 4039 πρὸς
1170 3959 1200 4016 τὸ
1209 3958 1388 4035 ξυμμῖξαι.-
1399 3978 1420 4018 τ.
1437 3956 1503 4037 Περί
1515 3980 1544 4015 τε
1553 3961 1602 4028 τῆς
1615 3957 1757 4038 ἀλλοτρίας
1770 3958 1803 4015 A·

203 4044 254 4124 γδιρ
268 4043 298 4102 ἀν
313 4043 402 4124 ψιλοὺς
416 4042 516 4101 καὶτὸν
531 4043 604 4122 ύχλ]
616 4041 675 4108 τούς
688 4065 716 4100 τε
730 4040 821 4122 ψιλοὺς
836 4044 887 4098 τῶν
905 4040 984 4110 Ἀθη-
1025 4043 1098 4102 κείαν
1111 4042 1229 4126 σχεῖν...]
1242 4050 1259 4115 A
1272 4043 1381 4103 δισίνοια·
1393 4044 1453 4124 περί
1464 4048 1510 4114 τῆς
1522 4043 1662 4123 ἀλλοτρίας
1674 4043 1806 4122 μαχούμι·

204 4131 281 4190 ναίων
293 4131 338 4190 καί
358 4131 401 4189 τὸν
421 4131 500 4189 ἀλλον
514 4130 593 4235 ὄχλον
610 4129 654 4188 τὸν
669 4128 828 4207 ἑπόμενον
814 4126 895 4185 ὤοντο
917 4128 984 4205 βλα-
1025 4153 1081 4204 νοι,
1106 4132 1169 4199 ώςτε
1184 4131 1276 4199 αιἰτοίις
1298 4132 1345 4203 τὴν
1362 4130 1502 4211 ἀλλοτρίαν
1515 4131 1635 4200 ποιήσειν
1658 4131 1764 4191 οἰκείαν.
1789 4131 1804 4204 §

204 4218 339 4289 θήσεσθαι
358 4266 388 4278 -
408 4220 549 4299 Σριῖιν]”
514 4241 565 4276 των
581 4217 623 4276 Ἀθ
624 4217 732 4287 ηναίων.
750 4247 784 4257 ”-
792 4185 911 4274 Aah*
876 4237 927 4271 των
940 4216 985 4270 ίπ
1025 4242 1088 4285 ωςτε
1100 4218 1289 4289 κτνσασθαι
1262 4244 1310 4291 την
1325 4155 1474 4299 ἀλλοτρίαν,
1489 4242 1534 4277 και
1524 4216 1805 4290 διάτουὴττηθῆνοι

164 4331 189 4367 ιιι
203 4303 331 4384 πεων]
297 4330 348 4363 των
360 4305 555 4386 Συρακουσιων
570 4336 602 4345 -
615 4303 724 4375 Αθτούς]
739 4301 798 4370 τους
810 4323 982 4410 στρατηγου
1026 4303 1063 4382 μὴ
1076 4311 1195 4365 κακῶσαι
1210 4306 1257 4376 τὴν
1270 4307 1448 4385 πατρίδα-
1462 4304 1599 4383 Ἐκτίνοις]
1618 4307 1675 4372 τοῖς
1689 4304 1805 4377 Ἀθηναί-
1817 4318 1837 4356 ιι

101 4440 103 4443 -
205 4427 241 4438 -
258 4393 294 4453 Οἳ
308 4392 525 4465 ξυνείποντο]
483 4417 536 4460 τοις
554 4393 579 4452 'A
583 4392 703 4464 θη.ναίοις
714 4423 749 4431 -
763 4390 869 4450 Τοιόνδε
888 4410 913 4445 τι
930 4378 984 4458 ουν]
1026 4415 1123 4459 σις-
1133 4392 1438 4474 Μέγιστονμὲνπερὶ“
1406 4418 1452 4464 της
1467 4392 1588 4452 abram„
1593 4392 1790 4470 ,“]μάλωτα
1763 4416 1806 4500 μέν

204 4504 233 4539 το
220 4480 314 4557 ἑξῆς,
325 4479 533 4558 ἃγῑγνωσκθθτῑς
544 4484 567 4538 A
577 4479 775 4561 στρατηγθίῖῶν
783 4474 931 4549 Ἀθηναίων
941 4476 984 4532 καί
1026 4482 1069 4541 διὰ
1080 4480 1127 4553 τὴν
1142 4482 1208 4539 ἰδίαν
1224 4480 1356 4561 σωτηρίαν
1367 4479 1506 4559 προθύμοις
1527 4478 1677 4558 ἐμάχοντο,
1700 4470 1806 4550 ἤτιςν
1776 4503 1806 4548 ην

206 4568 373 4646 βουλόμενοι,
387 4567 432 4627 καί
445 4567 479 4626 τά
489 4568 582 4640 λοιπά
604 4568 703 4627 τοιονδε
714 4591 740 4625 τι
757 4586 986 4674 μηχανωνται-
1027 4569 1181 4635 ανέλπστσς
1195 4570 1298 4640 αὐτοῖς,
1320 4571 1342 4626 εἰ
1357 4568 1591 4648 ρὴκρατσῖεν-
1603 4564 1720 4625 Evam
1742 4564 1806 4623 δὲέν

204 4655 257 4714 ΙΙ
235 4678 276 4735 ρος
290 4656 307 4713 A
320 4613 467 4728 ἐόοῖίλοντο]
482 4657 546 4736 πρὸς
534 4656 589 4724 ςτὸ
615 4655 818 4715 καταλαύεῖν
794 4678 825 4713 το
841 4647 986 4733 στρατόπε-
1026 4682 1093 4737 παρ
1096 4681 1141 4739 ργ(
1136 4680 1204 4714 ‚m
1218 4655 1243 4714 ει
1251 4681 1275 4714 τι
1291 4656 1374 4715 ἄλλο,
1378 4657 1432 4733 ]σί
1444 4654 1554 4726 „mom
1566 4653 1694 4766 πρότερον
1709 4651 1757 4729 μὲν
1766 4651 1806 4710 διδ

167 4763 191 4799 ιιι
206 4743 258 4803 δον.
273 4764 337 4804 -ι,
392 4743 437 4814 ίσι]
452 4752 505 4810 τοῖς
519 4743 667 4816 Ἀθηναίοις.
679 4746 762 4817 -TA
775 4741 901 4813 δοκήσει
906 4739 985 4816 .]δο-
1026 4745 1170 4817 τὴνάυτῶν
1185 4744 1316 4823 σωτηρίαν
1332 4742 1471 4822 προθύμως
1485 4742 1630 4820 ἐμάχοντο,
1647 4733 1721 4807 αυθις
1732 4739 1805 4816 δίει
1820 4758 1833 4776 ἰ

206 4853 300 4888 κουντα
314 4832 363 4909 οὐχ
395 4854 480 4889 ττοιιε
468 4823 533 4889 Am
542 4832 613 4911 φίλον
627 4830 746 4903 ἐκείνοις,
760 4831 828 4910 ἤπερ
840 4852 908 4887 κατα
893 4823 986 4895 αλκ]
1027 4833 1071 4891 καὶ
1085 4834 1117 4891 δι’
1135 4832 1199 4890 ἄλλο
1212 4855 1253 4902 tt,
1276 4830 1317 4889 διὰ
1329 4853 1405 4888 τουτο
1419 4830 1550 4907 μάλιστα,
1563 4828 1646 4900 ὅπως,
1672 4850 1804 4906 συγκατα-

206 4922 276 4975 Am
291 4919 344 4984 τοῖς
356 4918 499 4989 Αθηναίθῑς
513 4911 544 4990 AV
557 4919 639 5000 φίλος.
655 4951 686 4962 -
699 4939 721 4978 ³.
738 4917 846 4978 Ἀπὸ
812 4941 863 4975 των
875 4913 985 4982 ὅπλων-λ
1027 4918 1161 4999 στρεψαμέ
1161 4942 1210 4976 νων
1221 4919 1305 4976 αιἰτων
1315 4916 1362 4987 τὴν
1373 4918 1506 4990 Σικελίαν,
1517 4921 1540 4975 οἱ
1552 4918 1682 4987 Ἀθηναῖοι
1694 4914 1804 4995 πρᾳόττ·

206 5005 285 5082 ἤγουν
297 5005 376 5085 χωρίς
389 5005 484 5065 ὅπλων.
494 5052 525 5066 -
536 5007 660 5085 Ἐκεῖνοι]
669 5010 693 5065 οἱ
706 5004 887 5087 Συρακούσιοι.
901 5053 930 5065 ..
939 5007 986 5083 Τῷ
1028 5029 1070 5084 ρον
1083 5009 1134 5064 τῶν
1149 5003 1399 5083 συναγωνισαμένων
1411 5005 1523 5084 ἄρχοιεν·
1537 5009 1614 5063 τοῦτο
1635 5002 1688 5085 γὰρ
1704 5003 1759 5061 ἔστι
1776 4999 1805 5058 τό

209 5092 389 5170 σταυρώματι]
410 5094 537 5174 γροίρεται
555 5093 741 5173 στρατεύματι.
756 5144 787 5156 ..
801 5094 856 5154 Καὶ
876 5093 986 5171 ἡτοιμά·
1028 5093 1121 5174 ῥᾳδίως
1133 5091 1333 5152 ὑπακούσονται.
1345 5128 1385 5138 -
1396 5093 1431 5153 EA
1439 5117 1465 5150 τι
1477 5091 1553 5168 ἄλλο]
1563 5092 1595 5149 δι’
1606 5092 1672 5150 ἀλλο
1684 5116 1717 5151 τι.
