3676 5828
639 357 811 419 εειιοιιι.
832 358 890 435 ιιι,
913 368 1002 418 οι-
1027 369 1074 420 ιι.
1622 375 1660 428 οε

71 493 122 552 έδιι
131 491 375 572 ύμᾶςπροςδραμεῑν
385 497 439 557 τοῖς
449 468 670 568 Λακεδαιμονίοις·
680 490 724 549 καὶ
735 493 826 549 ἐκεῖνοι
946 491 1185 556 Ὑμιῑεδὲιιακώτιρα
1193 493 1312 550 τεςείισθε.

69 580 113 639 διά
122 579 169 651 τὴν
181 580 224 638 έπί
237 582 274 659 τῷ
286 577 372 658 Μήδῳ
384 576 538 656 συμμαχίαν
548 582 619 655 ὑμῶν
629 577 674 636 καί
687 535 841 658 προθυμίαν]
861 523 869 648 ί
885 620 924 629 -
937 586 1163 667 Ίέτιμωρημένοι]
1175 588 1330 656 κολάσαντες
1344 588 1445 656 αὐτούς.
1457 610 1525 652 -α,
1535 590 1662 652 Ἐπικλα.
1751 635 1754 641 ι

68 667 101 738 ἣν
114 666 153 724 ἀεὶ
167 664 344 746 προθύλλεσθε
358 664 403 722 καὶ
417 670 563 743 καυχᾶσθε,
577 667 624 723 οῦκ
638 663 669 722 ἀν
681 668 748 742 ὑμᾶς
761 687 842 744 παρτ·
863 679 865 684 “
885 673 974 751 σθῆτε]
986 674 1255 754 χαυνωθῆτε.-Ἅς]
1265 677 1310 743 τάς
1322 677 1422 756 ἀρετάς.
1434 680 1538 736 -Οῦκ
1551 682 1580 736 έιι
1589 702 1664 760 προς-

68 754 193 833 χῶρησαν
213 752 254 832 ὑφ’
271 755 346 828 θμῶν
364 774 389 809 τι
406 757 506 811 moth·
526 786 556 794 -
577 752 751 831 Πρῡςίῖῑσθῑ]
767 754 842 811 ἕδθυ·
864 813 865 830 ,
884 758 1199 840 ηιιόντωνᾶμαρτάνουσι]
1211 761 1250 820 ότι
1263 764 1318 821 ἀντ’
1331 768 1433 841 ἀγαθῶν
1452 765 1528 823 κακοί
1542 765 1664 844 γεγένην-

40 860 54 899 ιι
69 843 169 900 λοῦσθε.
180 878 212 891 -
223 861 245 899 ι.
262 838 335 899 Πολῖι
350 837 378 897 δέ
393 863 423 918 γε
436 838 578 918 αἴσχιον...]
597 838 703 920 δευτέρα
714 839 786 906 λύσις
796 844 842 898 τοῦ
863 836 865 895 J
885 848 986 916 ται,οό
1004 845 1173 924 προςήκοντος
1186 850 1272 915 αὐτοῖς
1285 855 1330 908 τοῦ
1345 850 1502 931 ἁμαρτάνειν
1518 851 1560 910 διά
1574 850 1622 924 τήν
1637 852 1690 922 ὀξῦ

68 932 208 1008 ἀπρεποῦς.
222 925 388 1006 ἀντίστροφον
401 929 494 987 κῶλον.
509 927 616 993 -Ἰόθς
630 927 687 1004 μέν]
702 926 760 993 τοὺς
772 927 843 997 Ἀθη·
886 933 970 1010 ἀρχῆς
988 933 1172 1014 ἀνδραγαθίαν.
1187 970 1227 979 -
1247 936 1324 1007 Μηδὲ
1338 939 1518 1018 ὀλοφυρμῷ...]
1538 939 1610 998 έλέου
1625 942 1664 999 έιι·

68 1017 161 1081 ναίους.
177 1050 207 1058 -
224 1012 290 1079 Τοθς
305 1013 342 1084 δέ]
359 1012 418 1079 τοὺς
432 1012 525 1080 ἄλλους
541 1011 684 1085 Ἕλληνας.
700 1049 731 1058 -
743 1032 767 1073 ί.
784 1015 841 1073 Διἰ-
886 1018 962 1087 θολή.
977 1055 1016 1064 -
1028 1040 1050 1079 ε.
1075 1023 1110 1080 Οἱ
1125 1019 1152 1079 δὲ
1171 1021 1319 1100 δικαίως,,,]
1335 1025 1496 1104 ἐπανάληψις
1510 1031 1555 1084 τοῦ
1572 1029 1664 1104 emes.

68 1107 130 1173 τοῖς]
153 1106 205 1168 τοῖς
236 1099 384 1171 Ἀθηνςίθῑς·
412 1136 443 1145 -
471 1101 574 1180 Ὑμεῖς]
595 1103 618 1160 οἱ
640 1103 789 1166 Πλαταιεῖς.
812 1137 843 1150 -
885 1103 1027 1183 κλήματος.
1041 1142 1081 1152 -
1094 1106 1252 1188 Ἐπίχαρτοι
1264 1099 1342 1188 εῖναι]
1356 1102 1441 1191 ῶντῷ
1455 1110 1552 1192 ὀλέθριρ
1568 1113 1665 1193 ὀφείλει

69 1189 261 1267 Ἔπηγοίγεσθε]
277 1186 458 1269 ε’φειλκύσατε,
472 1190 507 1254 είς
527 1188 556 1247 τὸ
576 1193 705 1268 βοηθῆσαι
722 1192 781 1266 ὑμῖν
796 1189 842 1258 δη·
885 1191 985 1259 πάντας
994 1191 1143 1270 ἀνθρώπους
1155 1196 1322 1274 ἐπιχαρῆναι.
1333 1218 1402 1257 -ο,
1416 1196 1473 1268 Τήν
1484 1205 1529 1257 νῦν
1541 1199 1664 1279 ἐρημίαν]

29 1297 54 1336 ¹0
68 1277 161 1335 λθνόῒῑ·
187 1315 218 1324 -
240 1274 356 1354 Ᾱῖῠῖρὸν
381 1277 523 1354 &mm-u]
547 1274 655 1355 αἷσχρθν
675 1277 775 1353 μᾶλλον
797 1274 842 1341 τὰς
885 1284 962 1337 τοῦτο
975 1279 1038 1356 πρὸς
1058 1279 1102 1338 τδν
1117 1281 1193 1358 λόγον
1207 1287 1259 1341 τῶν
1274 1284 1429 1344 Πλαταιέων
1444 1284 1472 1344 δν
1487 1277 1557 1344 εἶπον
1576 1286 1609 1367 [c.
1625 1307 1663 1359 ον,
1679 1312 1704 1352 ιο

68 1363 245 1443 ὀφειληθείσας
258 1362 367 1442 χάριτας
380 1360 446 1439 μετὰ
461 1361 636 1432 δικαιοσύνης,
651 1364 687 1428 εἷς
700 1361 803 1419 ἀδικίαν
815 1360 842 1419 δέ
885 1365 910 1443 4]
924 1392 936 1416 α
950 1366 1002 1425 Καὶ
1015 1365 1196 1445 περιεώσμεθα
1208 1369 1238 1427 ἔκ
1252 1369 1357 1429 πάντων
1370 1369 1461 1448 έρημοι
1473 1373 1519 1431 καί
1531 1372 1666 1454 ἀτιμώρη-

67 1451 271 1528 ἀποδιδομένας,
284 1447 301 1520 ή
316 1448 362 1516 τάς
380 1448 470 1526 ὁμοίας
483 1449 593 1529 χάριτας
612 1448 775 1507 ἀντιδιδόναι.
789 1448 843 1508 λεί·
885 1474 935 1511 τοι.
948 1479 961 1504 »
974 1488 1014 1498 -
1025 1453 1203 1532 Ξυμόάσεως]
1214 1456 1309 1536 φιλίας.
1320 1492 1360 1502 -
1371 1479 1393 1519 σ.
1405 1458 1532 1535 Ἀμύνατε
1541 1451 1596 1539 σύν]
1609 1459 1667 1519 ὀπί-

67 1562 112 1596 πῑῑ
131 1542 148 1609 ἦ
167 1537 209 1610 Οὔ,
223 1537 256 1594 ἵν’
275 1529 384 1616 Iam,
398 1534 483 1593 καίτοι
505 1534 551 1601 τὰς
570 1535 659 1612 ὁμοίας
676 1535 786 1616 χᾶρῑτας
805 1534 841 1612 μὴ
885 1538 966 1614 λογον.
981 1573 1021 1583 -
1032 1543 1079 1620 Τῷ
1091 1544 1141 1598 τῶν
1153 1540 1289 1614 Ἑλλήνων
1302 1543 1386 1626 νόμῳ]
1400 1548 1438 1625 τῷ
1449 1545 1579 1603 κελεύοντι
1591 1546 1666 1629 παρὰ

68 1625 223 1687 ἀντιδιδόναι
234 1627 280 1683 οῦκ
293 1623 400 1702 αῖσχρόν
416 1623 515 1698 μᾶλλον
530 1620 547 1693 ή
560 1620 607 1688 τάς
620 1622 700 1700 μετά,
714 1623 760 1681 καί
775 1622 841 1694 ἑξῆς.
885 1623 1055 1693 τόιςσπονδδις
1080 1626 1178 1703 μηδένα
1193 1630 1316 1710 ἀναιρεῖν.
1331 1664 1371 1675 -
1389 1631 1586 1712 Παραόαθέντι]
1606 1635 1667 1692 ἀθε-

27 1733 52 1771 ιο
107 1714 210 1773 LXIV.
231 1711 322 1788 Ὑμεῖς
338 1712 375 1780 δέ]
395 1712 419 1767 οἱ
439 1710 590 1775 Πλαταιεῖς.
605 1744 645 1753 -
658 1709 770 1781 Τοῖςδέ]
790 1710 843 1777 τοῖς
885 1709 996 1780 τηθίντι.
1009 1715 1664 1798 -Περιωσθῶμεν]ἀπωσθῶμενπεριυόρισμένοι.
1681 1743 1705 1784 ιε

66 1799 205 1870 Ἓλλησιν.
218 1835 250 1844 -
267 1820 289 1859 α.
303 1797 358 1877 Ἀφ’
379 1787 425 1869 ῶν]
439 1795 612 1877 πραγμάτων,
632 1788 685 1856 οἷον
698 1796 843 1878 προθυμίας
885 1830 925 1843 -
937 1796 1006 1864 Τοὺς
1019 1800 1133 1878 ἀγῶνας]
1145 1801 1289 1881 περιττεύει
1298 1802 1329 1861 τδ
1339 1803 1399 1871 τούς
1416 1804 1510 1885 ἄρθρον
1523 1805 1591 1864 κατὰ
1606 1806 1664 1866 'At-

66 1887 112 1946 καί
126 1888 251 1966 ἀνδρείας.
262 1921 293 1929 -
304 1874 415 1964 Ἀφ’ῶν]
425 1886 475 1942 τῶν
490 1882 572 1964 έργων
583 1882 600 1954 ἢ
610 1887 661 1942 τῶν
675 1883 728 1942 ἀπὸ
744 1882 842 1942 τούτων
885 1883 960 1955 τικήν
979 1886 1124 1958 συνήθειαν·
1146 1878 1208 1961 οἷον,
1229 1891 1258 1949 οὗ
1279 1890 1423 1968 προθήσετε
1442 1891 1527 1969 λόγων
1548 1895 1664 1971 ἀγῶνας,

66 1972 199 2033 κινδύνων.
212 2004 244 2013 -
258 1972 299 2032 Δι’
312 1971 422 2051 ἑτέρους]
435 1969 493 2037 τούς
505 1968 659 2042 Ἀθηναίους.
676 2005 707 2015 -
720 1967 842 2052 Είλεσθε]
885 1976 939 2038 τοῖς
954 1974 1116 2032 Πλαταιεῦσι
1130 1973 1261 2047 δηλονότι,
1283 1977 1340 2033 ἀλλ’
1355 1976 1445 2054 ἔργων.
1460 2012 1499 2023 -
1514 1979 1666 2058 Προθήσον·

66 2059 265 2141 προτιμοτέρους
279 2059 419 2130 ἐποιήσατε
436 2060 471 2125 εἷς
486 2056 516 2115 τδ
536 2057 681 2136 ξυμμαχεῖν
699 2059 793 2123 αὐτοῖς.
811 2094 842 2105 -
885 2058 938 2136 τες]
953 2057 1114 2138 προθέμενοι.
1130 2094 1170 2105 -
1184 2059 1416 2140 Ἁμαρτανομένων
1431 2063 1471 2141 δε]
1494 2065 1665 2145 ἐσφαλμένων

24 2172 52 2212 20
67 2169 88 2207 υ.
107 2148 195 2228 Μέχρι
214 2154 259 2206 τοῦ
279 2147 363 2227 δεῦρο]
383 2144 455 2225 έχετε
476 2144 602 2216 δηλονότι.
619 2180 651 2192 -
670 2144 723 2204 Καὶ
743 2144 843 2212 οὐδενὸς
886 2143 1111 2226 δέτῶνέργων.-
1119 2168 1140 2207 τ.
1153 2146 1388 2228 Κιφαλαιύισαντες
1396 2151 1459 2229 πρός
1468 2151 1527 2219 τοὺς
1535 2150 1663 2232 ξύμπ....]
1679 2178 1706 2218 ιο

66 2240 134 2313 ὑμᾶς
149 2234 321 2314 βιασαμένου,
340 2232 428 2315 ὥσπερ
444 2233 525 2309 ἡμᾶς]
545 2241 652 2312 προεῖπε
665 2230 716 2314 γάρ
735 2232 774 2290 ότι
792 2231 843 2290 θπδ
886 2233 942 2291 ἀντὶ
962 2239 1006 2291 τοῦ
1026 2232 1252 2316 κεφαλαιώσαντες
1266 2236 1330 2317 πρὸς
1342 2237 1401 2304 τοὺς
1415 2239 1586 2320 συμμάχους,
1600 2262 1665 2322 προ·

68 2323 162 2400 ὀλίγων
172 2321 368 2402 αὐτοκρατόρων
378 2318 592 2400 έτυραννούμεθα.
608 2356 638 2370 -·
650 2316 751 2399 ’Ὧςπερ
760 2323 841 2397 ἡμᾶς]
886 2320 969 2387 θέντες
986 2321 1032 2379 καί
1046 2321 1177 2404 ὁρίσαντες
1191 2322 1287 2402 κρίσεις
1297 2324 1343 2382 καί
1356 2323 1481 2397 δηλώσεις
1493 2327 1643 2401 ποιήσεσθε.

65 2407 190 2468 ὀόιοίσατο
217 2407 343 2480 δηλονότι.
371 2436 403 2447 -
425 2405 594 2486 Μηδετέροις]
626 2407 678 2473 τοῖς
701 2406 843 2478 Ἀθηναίοις
926 2408 1054 2468 LXVIII.
1076 2408 1129 2469 Τόν
1142 2433 1170 2468 τε
1185 2410 1265 2469 ἄλλον
1285 2409 1390 2491 χρόνον]
1412 2412 1463 2494 πρδ
1482 2420 1527 2473 τοῦ
1548 2413 1666 2492 πολέμου

65 2495 111 2553 καλ
125 2493 346 2573 Λακεδαιμονίοις.
360 2528 401 2539 —
412 2512 435 2552 4.
449 2492 525 2559 Τίνες
539 2492 570 2550 ἀν
585 2483 721 2571 οθνύμῶν]
731 2492 788 2551 ἀντί
797 2499 841 2552 τοῦ
885 2493 986 2554 τούτου.
1000 2529 1041 2540 -
1059 2495 1136 2555 Μετά
1155 2496 1200 2555 τὸν
1220 2498 1322 2577 Μῆδον]
1343 2498 1411 2575 μιτά
1430 2498 1474 2557 τδν
1489 2499 1603 2577 πόλεμον
1617 2507 1664 2560 τοῦ

24 2607 51 2647 ας
66 2583 147 2649 οὐδεὶς
156 2580 281 2652 δηλονότι.
290 2617 329 2626 -
339 2583 413 2641 Πῦσι
422 2579 605 2658 τοῑςἝλλησι]
613 2579 696 2639 λείπει
708 2581 792 2652 ήύπό.
803 2616 843 2626 -
886 2581 988 2652 Μήδου.
1002 2617 1042 2627 -
1053 2581 1228 2664 Προίσχοντο]
1241 2584 1444 2664 προεύάλλοντο.
1460 2621 1500 2631 -
1513 2585 1622 2654 Κοινοῦς
1633 2579 1666 2646 εἶ·
1679 2609 1705 2648 οε

66 2670 131 2730 Ἐπὶ
144 2673 182 2750 τῷ
198 2668 301 2728 ἐκείνων
313 2668 399 2749 κακῷ]
411 2666 527 2726 τουτέστι
538 2671 589 2726 τῶν
604 2667 738 2739 Ἑλλήνων
752 2674 785 2748 τῇ
797 2670 841 2729 δου
885 2670 940 2748 ναι]
952 2668 1083 2728 τουτέστιν
1095 2669 1236 2741 Ἀθηναίων
1248 2670 1293 2729 καί
1306 2671 1530 2750 Λακεδαιμονίων,
1542 2673 1611 2733 κατά
1621 2673 1666 2733 τδν

64 2756 152 2815 λώσει.
167 2756 294 2835 -Ποτέ]
308 2755 351 2815 έπί
362 2760 412 2814 τῶν
424 2757 557 2826 Μηδικῶν.
571 2757 659 2816 -Οὐ
668 2757 841 2838 προςήκοντα]
885 2756 1042 2836 Ἀρχιδάμου
1054 2757 1117 2837 πρδς
1128 2755 1220 2824 αὐτοὺς
1231 2760 1257 2816 ἐν
1268 2763 1301 2838 τῇ
1312 2758 1418 2839 δευτέρᾳ
1431 2761 1464 2838 [c.
1481 2780 1518 2832 τι,
1530 2761 1568 2840 τι]
1579 2760 1664 2838 λόγον.

65 2847 194 2926 τῇαθτῶν
206 2868 281 2925 φυσει
293 2842 418 2915 δηλονότι.
432 2843 517 2903 -Ἡ
531 2842 616 2924 φύσις]
628 2848 645 2914 ἡ
659 2843 782 2926 ὑμετέρα.
885 2845 1003 2903 -Κατ’
1015 2845 1113 2922 ἐκεῖνα]
1128 2844 1161 2902 τά
1173 2849 1219 2903 τοῦ
1234 2843 1386 2904 Παυσανίου
1401 2843 1528 2917 δηλονότι.
1541 2882 1582 2892 -
1592 2845 1664 2907 Ἔκ-

106 2933 192 2991 LXV.
215 2931 246 2990 “A
262 2930 288 2989 δὲ
305 2930 453 3008 τελευταῖα]
472 2929 501 2988 τδ
518 2927 636 3009 δεύτερον
657 2930 841 3002 ἀντιληπτικδν
885 2932 989 2989 σπονδοι
1001 2930 1065 3008 ήδη]
1078 2930 1218 3009 γενόμενοι.
1234 2966 1274 2976 -
1287 2930 1327 2991 Τδ
1343 2932 1419 3009 αὐτό]
1434 2931 1557 3011 ἐρώτημα
1572 2934 1665 3006 δηλον-

27 3049 54 3088 ³0
66 3021 117 3076 τῶν
131 3017 285 3077 Πλαταιέων
303 3019 417 3076 ἐντεῦθεν
431 3015 496 3077 λύει.
509 3052 549 3062 -
568 3017 732 3097 Παρανόμως
747 3017 840 3099 γὰρ...]
884 3015 932 3075 ότι.
944 3051 985 3062 -
1002 3016 1162 3097 Ἐξαίρετον]
1176 3016 1366 3095 έκύεόλημένον
1379 3024 1424 3077 τοῦ
1439 3019 1526 3099 φόνου.
1537 3055 1577 3066 -
1587 3041 1609 3082 ³.
1622 3020 1665 3082 Τά
1678 3051 1705 3094 ⁸0

66 3104 202 3186 ὀριστικόν.
214 3140 254 3149 -
267 3108 307 3166 Οὐ
321 3104 470 3182 νομίζομεν]
480 3106 510 3161 ού
521 3102 632 3181 βεύαίως
641 3104 788 3181 δοξάζομεν.
802 3141 842 3151 -
885 3103 1009 3184 σφέτερα]
1022 3102 1056 3161 τά
1068 3108 1119 3161 τῶν
1133 3103 1270 3175 Θηύαίων.
1284 3138 1324 3149 -
1336 3103 1408 3185 Πρὸς
1418 3110 1456 3187 τῷ
1468 3104 1581 3186 Ἡραίῳ]
1596 3107 1664 3178 πλη-

66 3213 87 3252 α.
102 3192 172 3273 Πρός
183 3214 211 3252 τε
225 3193 272 3263 τήν
281 3191 409 3272 ὑμετέραν
420 3191 508 3268 πόλιν]
520 3188 588 3248 κατδι
600 3195 647 3261 τῆς
658 3191 782 3271 ὑμετέρας
793 3192 841 3252 πό·
886 3189 941 3250 σίυν
951 3197 996 3248 τοῦ
1009 3196 1071 3249 ναοῦ
1084 3195 1130 3262 τῆς
1141 3189 1237 3270 Ἥρας.
1250 3226 1291 3236 -
1302 3191 1511 3270 Ἀπεμίσθωσαν]
1524 3194 1567 3252 ἐπὶ
1580 3198 1665 3276 μισθῷ

65 3280 139 3347 λεως.
153 3315 193 3324 -
213 3282 247 3340 EI
265 3278 305 3358 δέ]
321 3276 519 3357 μεταστατικόν.
534 3312 575 3322 -
590 3272 696 3358 Ἄνδρες
714 3279 798 3358 ὑμῶν]
818 3282 841 3339 οί
886 3277 1036 3338 δεδώκασιν.
1058 3312 1098 3322 -
1110 3295 1132 3337 ί.
1146 3277 1384 3357 Ἀποτετραμμένοι
1402 3278 1530 3357 έγένοντο]
1552 3280 1605 3339 ἀπὸ
1618 3284 1666 3352 τῆς

66 3367 126 3447 περ]
148 3367 322 3438 Ναυκλείδην.
349 3399 389 3409 -
415 3363 638 3443 Ἔπεκαλέσαντο]
666 3366 840 3446 προςήγαγον,
885 3362 970 3445 φιλίας
982 3362 1084 3423 ἐκείνων
1099 3364 1262 3436 ἀπέστησαν.
1276 3399 1316 3410 -
1329 3364 1451 3445 Ἐπειδή]
1466 3367 1510 3446 ἀφ’
1526 3358 1565 3424 οὗ.

24 3481 52 3520 ος
66 3453 259 3536 ἐφειλκύσαντο.
273 3487 312 3497 -
330 3454 366 3512 Οἱ
383 3451 434 3531 γὰρ
449 3449 565 3529 ἄγοντες]
584 3454 607 3508 οί
625 3450 739 3520 ἄξοντες.
757 3488 797 3498 -
817 3473 840 3514 ο.
924 3454 1023 3512 LXIX.
1046 3453 1251 3529 Χειμασθεῖσαι]
1265 3452 1309 3510 τδν
1322 3456 1440 3531 χειμῶνα
1459 3451 1659 3515 διαδιδοίσασαι.
1676 3470 1704 3512 σο

67 3542 135 3604 Ἀλλ’
149 3540 203 3601 οὔτ’
220 3540 362 3618 ἐκεῖνοι...]
377 3538 407 3597 τὸ
425 3538 496 3610 ἑξῆς,
513 3537 570 3596 ἀλλ’
591 3538 649 3597 ούτε
663 3541 767 3612 ἐκεῖνοι,
783 3540 841 3600 οὔτε
884 3539 1665 3621 -Καῖάπάὐτῆς]περιττόςθκαί.-ι.Πρδςταῦτα]πρδς

64 3634 154 3706 ἡμεῖς,
174 3629 311 3703 ἀδικοῦμεν
332 3624 457 3699 δηλονότι.
478 3625 509 3683 τό
528 3623 555 3683 δέ
572 3629 608 3693 ῶς
624 3631 699 3704 ἡμεῖς
721 3627 841 3708 κρίνομεν
885 3625 914 3685 τὸ
929 3628 1086 3685 ἐπιπλεῦσαι
1101 3625 1170 3684 κατά
1183 3629 1234 3685 τῶν
1251 3625 1419 3706 Κερκυραίων
1433 3626 1634 3694 στασιαζόντων.

65 3717 108 3775 διδι
121 3714 210 3792 μέσον.
225 3750 265 3760 -
280 3714 379 3792 Πλείω]
398 3712 592 3793 περισσοτέρως.
607 3749 646 3759 -
664 3715 840 3794 Παραόαλλό-
925 3715 1013 3773 LXII.
1035 3711 1102 3791 Περί
1116 3711 1204 3772 Ἐπιδ.
1216 3714 1382 3792 ναυμαχιῶν]
1400 3715 1450 3792 οὐχ
1463 3710 1503 3771 δτι
1517 3712 1619 3791 γέγονεν
1637 3716 1664 3774 ίν

65 3805 150 3881 μενοι]
164 3804 402 3882 ῥιψοκινδυνοῦντες.
415 3798 526 3866 ε-Τούς
539 3824 566 3858 τε
575 3800 676 3882 χείρους
687 3804 771 3882 ὑμῶν]
785 3802 842 3862 ἀδί-
885 3799 1040 3878 Ἐπιδάμνῳ
1049 3797 1194 3878 ναυμαχία,
1206 3797 1275 3858 ἀλλά
1290 3799 1333 3857 διὰ
1345 3798 1393 3871 τὴν
1407 3800 1493 3858 αἰτίαν
1501 3804 1547 3872 τῆς
1556 3800 1666 3861 Ἐπιδά·

24 3913 51 3952 ιο
65 3889 286 3961 κους-Μηκέτι
297 3889 395 3965 μᾶλλον
403 3885 544 3965 γενέσθαι]
559 3888 659 3968 χείρους
673 3888 799 3960 δηλονότι.
810 3930 838 3942 -
885 3907 949 3962 μνου
968 3886 995 3942 έν
1013 3884 1065 3949 τοῖς
1084 3882 1222 3954 Συῦότοις,
1237 3883 1280 3943 ὀτε
1297 3883 1446 3964 ἐζώγρησαν
1463 3887 1593 3967 Κορίνθιοι
1616 3890 1663 3947 οῦκ
1676 3912 1703 3954 ςο

64 3978 246 4058 Σωφρονισταῖ
260 3975 329 4042 ὄντες
344 3979 389 4046 τῆς
402 3973 550 4052 γνώμης...]
565 3976 721 4055 ὠφελοῦντες
735 3976 781 4035 καί
795 3977 842 4045 τδις
884 3971 1008 4036 ἐλάσσους
1019 3969 1111 4049 χιλίων
1124 3970 1302 4050 Κερκυραίων.
1315 4006 1354 4015 -
1366 3975 1428 4039 Τοῖς
1441 3971 1571 4053 προξένοις
1585 3974 1662 4053 διηγ-

63 4065 171 4143 γνώμας
182 4064 227 4122 καί
240 4063 274 4121 τά
288 4061 413 4140 σώματα,
426 4059 472 4127 τάς
487 4060 534 4137 μέν
546 4059 666 4138 γνώμας,
679 4060 722 4119 ἵνα
737 4062 774 4140 μή
790 4088 838 4122 κα-
883 4057 1020 4137 γυημένοι]
1037 4056 1142 4138 διεγγύφ
1156 4061 1207 4116 τῶν
1221 4057 1359 4138 προξένων.
1375 4094 1412 4104 -
1427 4059 1577 4139 Μετιόντες]
1595 4064 1663 4119 όπο-

64 4156 116 4218 ιιῶς
129 4149 316 4230 βουλεύωνται,
330 4148 364 4207 τδι
378 4147 405 4206 δὲ
417 4149 541 4227 σώματα,
553 4144 597 4205 ἵνα
609 4145 645 4223 μή
665 4148 840 4228 διαρπάζωσιν
884 4145 1042 4223 ποιούμενοι.
1057 4180 1097 4189 -
1110 4165 1131 4204 υ.
1147 4143 1190 4205 T&
1203 4143 1413 4224 ξυγκείμενα]τά
1425 4145 1660 4226 συμπεφωνημένα.

64 4239 206 4309 ἀλλήλους,
226 4238 287 4314 μηδ’
300 4235 467 4305 ἐξελαύνωσι,
483 4232 548 4309 μηδὲ
560 4237 648 4300 κακῶς
659 4239 753 4294 ποιῶσι
767 4240 840 4296 πολῖ-
883 4268 923 4277 -
936 4253 958 4293 ³.
980 4230 1203 4312 Ἐθελοπρόξενος]
1220 4232 1265 4313 ἀφ’
1280 4235 1372 4290 ἑαυτοῦ
1389 4231 1537 4309 γενόμενος,
1560 4231 1605 4290 καὶ
1624 4232 1661 4311 με]

24 4352 50 4389 ιε
65 4349 109 4384 ται
122 4325 237 4390 πολίτας·
248 4323 292 4381 ίνα
306 4322 429 4397 λάθοιμεν
443 4321 473 4379 τδ
487 4325 627 4400 σωφρονεῖν
642 4322 699 4380 ἀντὶ
714 4328 760 4394 τῆς
771 4326 839 4405 ὠφε-
883 4318 1027 4385 κελευσθείς
1044 4320 1073 4376 έκ
1085 4323 1130 4388 τῆς
1143 4316 1251 4383 πόλεως.
1269 4319 1293 4375 οί
1306 4315 1357 4398 γάρ
1369 4316 1485 4399 πρόξενοι
1496 4320 1660 4395 κελευόμενοι
1673 4350 1700 4387 «¹.

63 4412 145 4478 λείας.
159 4443 199 4455 ——
209 4411 266 4481 Τήν
284 4406 440 4491 ξυγγένειαν]
457 4407 505 4480 τήν
520 4412 571 4470 τῶν
587 4412 717 4470 Βοιωτῶν.
732 4444 772 4457 -
789 4415 840 4473 Οὐ·
883 4410 913 4464 ἐκ
930 4409 975 4475 τῆς
989 4408 1088 4464 ἑαυτῶν
1106 4403 1205 4470 πολεως
1223 4404 1348 4482 ἐγένοντο.
1367 4440 1407 4449 -
1421 4398 1503 4465 Οὗτοι
1521 4405 1659 4487 οίαίνδρες]

64 4497 130 4574 δενί]
143 4502 194 4555 τῶν
209 4496 354 4566 Ἑλλήνιον.
883 4496 907 4552 οἱ
922 4494 974 4550 ἀπὸ
988 4491 1113 4570 Κορίνθου
1123 4491 1317 4562 ἐπανελθόντες,
1329 4493 1353 4549 οί
1367 4491 1499 4571 προδόται.
1511 4525 1551 4536 -
1564 4510 1586 4551 ε.
1601 4492 1661 4551 Ἀν-

104 4587 205 4644 LXVI.
216 4581 377 4662 Τεκμήριον]
387 4581 416 4638 τὸ
427 4579 611 4660 ῥηθησόμενον.
621 4616 659 4624 -
669 4601 690 4640 ν.
704 4583 842 4655 Κατανοή-
883 4579 1005 4656 θυποίγει]
1019 4579 1182 4655 ἀντεγκαλεῖ.
1196 4612 1236 4622 -
1247 4598 1269 4639 ε.
1285 4579 1397 4657 Βουλῆς]
1410 4576 1556 4655 σημείωσαι
1568 4582 1661 4656 βουλῆς

63 4678 165 4742 σαντες]
180 4670 383 4745 καταμαθόντες.
397 4703 435 4712 -
449 4667 692 4748 Ἀνεπιεικέστερον]
707 4671 841 4749 ἀπανθρω·
882 4671 897 4726 δ
912 4664 1058 4745 βουλευτής·
1076 4663 1121 4723 καὶ
1136 4669 1152 4735 ή
1170 4662 1259 4742 γενικὴ
1270 4669 1316 4722 τοῦ
1334 4665 1480 4742 βουλῆντος.
1494 4698 1535 4708 -
1557 4663 1659 4744 Πείθει]

23 4783 50 4823 ςο
63 4758 183 4838 πότερον.
198 4793 238 4802 -
253 4760 349 4835 Χεῖρας
366 4755 582 4835 προϊσχομένους]
598 4755 677 4831 ἤγουν
696 4755 783 4823 ίιιέτας
797 4780 840 4834 γε·
882 4753 941 4820 τούς
960 4751 1144 4834 Κερκυραίους.
1159 4786 1199 4796 -
1212 4772 1233 4812 ο.
1253 4755 1288 4812 Οἱ
1303 4751 1343 4829 δέ]
1359 4754 1382 4810 οί
1398 4751 1475 4810 πέντε
1499 4751 1597 4833 ἄνδρες.
1620 4785 1660 4799 -
1673 4782 1699 4821 ω

64 4845 196 4922 νομένους.
208 4879 248 4888 --
262 4864 284 4903 υ.
300 4836 393 4922 Οὗτοι]
407 4847 430 4901 οί
445 4843 655 4919 Λακεδαιμόνιοι.
883 4838 1056 4920 Ἐξείργυντο]
1069 4838 1202 4907 ἐξέπιπτον
1215 4844 1259 4909 τῆς
1272 4838 1418 4917 βουλήσεως
1432 4840 1528 4900 αὐτῶν.

104 4934 218 4992 LXVII.
239 4930 297 4990 Ἵνα
312 4935 385 5007 θμεῖς
397 4930 491 5008 μὲν...]
506 4930 645 5008 κεφάλαιον
657 4929 687 4987 τὸ
700 4921 840 5011 δίκαιονῷ
922 4930 1021 4988 LXXI.
1045 4927 1193 5007 Δράσαντες
1212 4925 1250 4997 δέ]
1265 4929 1289 4984 οί
1304 4925 1380 4984 πέντε
1399 4924 1497 5006 ἄνδρες.
1520 4959 1561 4971 -
1571 4924 1611 4986 Τὸ
1630 4925 1658 4985 δέ

64 5018 184 5096 ἐπήγαγε
195 5017 241 5089 τήν
257 5017 367 5088 ἐκθολήν
379 5022 425 5088 τῆς
437 5019 539 5089 αἰδοῦς,
551 5010 582 5087 ἧς
594 5021 611 5089 ἡ
624 5015 720 5098 ἀρχήι
734 5017 787 5097 Καὶ
802 5016 839 5094 με]
861 5053 862 5056 =
883 5015 974 5093 πλέον]
993 5016 1090 5087 πλῆθος
1108 5013 1234 5083 δηλονότι.
1254 5047 1293 5058 -
1315 5033 1336 5074 ι.
1357 5012 1406 5079 Ὣς
1425 5010 1553 5093 ξυνέφερε]
1573 5013 1658 5081 αὐτοῖς

64 5104 180 5172 παλαιάς
191 5105 293 5184 ἀρετάς.
307 5133 318 5155 ν
333 5103 466 5170 Ἡσίοδος·
841 5126 845 5132 ·
883 5101 1010 5172 δηλονότι.
1024 5136 1064 5146 -
1083 5100 1238 5178 Πείσοντας]
1260 5099 1319 5179 οὐχί
1337 5097 1395 5167 τούς
1411 5099 1570 5181 Ἀθηναίους,
1591 5098 1659 5163 ἀλλά
