3676 5828
451 358 1223 726 ⁴scfloffl.
1360 655 1367 669 .

690 890 758 988 ΙΝ
790 886 1038 1012 LIBRUM
1069 891 1109 988 Ι.

136 1173 162 1232 1.
184 1168 347 1240 Θουκυδίδης
357 1165 500 1244 Ἀθηναῖος]
517 1163 622 1231 πάντως
636 1162 767 1242 μέμνηται
781 1168 827 1223 τοῦ
840 1166 879 1224 οἰ·
918 1190 948 1224 τε
961 1163 996 1225 τά
1009 1169 1094 1226 αὑτῶν
1107 1167 1225 1248 ἕκαστοι]
1239 1172 1256 1240 ή
1271 1170 1380 1251 περιοχὴ
1394 1172 1530 1253 τοῦλόγου
1544 1199 1589 1234 και
1603 1180 1620 1249 ή
1638 1200 1701 1237 συν·

95 1258 167 1320 κείου
177 1257 303 1336 ὀνόματος
309 1255 367 1316 κατ’
379 1253 477 1337 ἀρχὰς,
489 1251 708 1312 ἀντιδιαστέλλων
720 1251 812 1312 ἐαυτὸν
825 1257 877 1312 τῶν
917 1252 989 1322 ταξις
1000 1255 1119 1328 τοιαύτη.
1132 1256 1270 1334 νεμόμενοι
1284 1256 1318 1317 τδι
1330 1261 1429 1319 ἐαυτῶν
1439 1260 1545 1322 ἐκαστοι
1562 1261 1623 1322 ὅσον
1636 1267 1704 1326 ἀπσ-

96 1344 247 1426 όμωνῦμωνΙ
257 1348 283 1404 ἐν
297 1346 350 1411 τοῖς
364 1346 455 1402 ἐτεσιν.
471 1341 556 1419 δόμα
572 1338 619 1418 μὲν
635 1344 682 1412 τῆς
701 1341 781 1412 αὐτῆς
794 1340 878 1411 αἰτίας
918 1343 1035 1421 ζῆν,καί
1050 1343 1200 1425 περιουσίαν
1219 1344 1364 1425 χρημάτων
1379 1350 1427 1407 οὔκ
1441 1347 1555 1430 ἔχοντες,
1575 1350 1635 1411 οὔδέ
1652 1356 1701 1433 γῆν

97 1434 192 1507 ἐνεκεν,
207 1435 262 1511 ἅμα
276 1431 304 1491 δέ
318 1430 364 1490 καί
380 1436 426 1490 τοῦ
440 1429 477 1509 μὴ
492 1427 578 1510 ἐτερόν
593 1453 651 1488 τινα
665 1427 697 1487 τὸ
714 1431 793 1488 αὐτοῦ
815 1452 877 1510 ορε-
918 1430 1081 1512 ρυτεῦοντες,
1102 1430 1171 1491 ἀλλά
1191 1431 1269 1509 μόνον
1292 1433 1454 1516 σπείροντες,
1467 1437 1512 1497 καί
1520 1439 1616 1508 άπλῶς
1630 1443 1704 1520 εὔμε-

69 1521 248 1602 ετερίσασθαι
279 1519 423 1595 σύνταγμα.
455 1549 491 1558 -
515 1516 681 1597 Ξυνίγραψε]
718 1515 784 1574 ἄλλο
821 1517 877 1576 ἐστί
917 1517 1072 1596 τακόμιστοι
1089 1519 1160 1588 ὄντες
1173 1520 1237 1601 πρδς
1250 1522 1280 1580 τὸ
1297 1522 1511 1600 μετανίστασθαι·
1534 1525 1550 1585 ό
1569 1528 1650 1602 ἐστιν,
1671 1531 1702 1589 οὔ
1717 1560 1729 1599 ς

96 1609 209 1692 γράψαι,
230 1609 275 1668 καὶ
300 1607 365 1666 ὔλλο
383 1604 538 1687 ξυγγράψαι·
563 1605 593 1664 τδ
616 1602 664 1681 μέν
682 1602 733 1685 γάρ
756 1604 800 1664 ἐπί
822 1605 878 1673 ἐνῦς
917 1609 1040 1686 χαλεπῶς
1051 1607 1190 1667 ἀνίσταντο
1203 1607 1338 1689 δηλονότι,
1354 1611 1412 1670 ἀλλ’
1428 1615 1550 1693 εὐχερῶς.
1563 1648 1603 1661 -
1617 1613 1702 1677 Ὅσου

95 1697 250 1779 πράγματος
271 1695 390 1774 λέγεται,
403 1694 435 1752 τὸ
449 1691 477 1752 δέ
496 1691 644 1774 ξυγγράψαι
664 1692 707 1751 ἐπί
726 1693 839 1751 πολλῶν.
860 1694 878 1771 S
918 1696 1027 1775 ἀποζῆν]
1042 1695 1153 1777 μετρίως
1164 1700 1218 1776 ζῇν·
1233 1699 1333 1778 ἀποζῆν
1347 1702 1416 1759 ἐστιν
1426 1702 1536 1770 εὐτελῶς
1548 1705 1604 1783 ζῇν,
1613 1706 1659 1783 ζῇν
1675 1703 1703 1764 δέ

96 1785 256 1866 Ξυγγράψαι
264 1784 294 1842 τὸ
305 1783 361 1860 μετ’
371 1780 521 1859 ἐπιμελείας
532 1781 578 1840 καί
587 1779 734 1846 σπουδαίοις
744 1779 876 1855 συντάξαι,
917 1781 948 1840 τὸ
959 1781 1027 1860 μετὰ
1039 1788 1137 1864 τρυφῆς
1150 1787 1205 1864 ζῆν.
1220 1783 1290 1862 λέγει
1302 1784 1329 1845 δέ
1341 1785 1389 1858 τὴν
1400 1785 1532 1870 ἐφήμερον
1547 1791 1654 1872 τρορήν.
1667 1825 1704 1836 --

95 1873 195 1954 γράψαι
206 1869 233 1931 δέ
247 1871 292 1932 καί
305 1870 335 1930 τδ
345 1871 435 1936 ἁπλῶς
444 1868 490 1927 καί
502 1867 540 1945 μῆ
553 1870 682 1946 ἐπιμελῶς
694 1866 741 1939 τῆν
754 1867 877 1939 ἀλήθειαν
918 1869 1088 1951 Περιουσίαν]
1102 1871 1239 1953 περιουσία
1257 1877 1275 1944 ἦ
1293 1872 1402 1955 περιττή
1423 1875 1516 1955 οὔσία,
1539 1878 1615 1936 σίισία
1636 1877 1664 1938 δί
1683 1881 1701 1950 ἡ

57 1976 87 2031 ευ
96 1965 221 2042 ἀνευρεῖν.
236 1958 338 2020 -Τὸν
353 1956 480 2036 πόλεμον]
493 1956 523 2014 τὸ
536 1965 656 2037 πρᾶγμα.
672 1992 706 2001 -
722 1954 771 2022 Ὦς
784 1954 877 2015 ἐπολί-
918 1955 1074 2039 σῦμμετρος.
1096 1989 1131 2000 -
1149 1957 1261 2030 Ἄδηλον
1282 1960 1321 2040 όν]
1343 1962 1399 2020 ἀντὶ
1420 1967 1480 2036 τοῦ,
1499 1965 1598 2036 ἀδήλου
1619 1963 1700 2033 όντος.
1717 1996 1742 2036 10

96 2049 197 2127 μησαν]
216 2046 260 2106 τόν
282 2045 386 2127 τρόπον.
406 2077 446 2090 -·
465 2042 536 2124 Πρδς
555 2042 697 2122 ἀλλήλους]
718 2041 764 2103 καί
782 2047 796 2102 ὁ
813 2044 877 2124 πρός
919 2044 1033 2105 Ἀττικὸν
1050 2044 1077 2104 δέ
1090 2044 1120 2105 τό
1134 2050 1238 2126 σχῆμα.
1257 2082 1297 2094 -
1312 2047 1476 2127 Ἀναγκαίου]
1492 2051 1629 2127 Ἀττικῶς,
1644 2053 1703 2113 ἀντὶ

95 2136 198 2218 Ξέρξην
209 2135 324 2211 πόλεμος
335 2136 387 2192 τῶν
399 2134 484 2191 αὐτῶν
496 2124 537 2205 ῆν,
551 2131 608 2191 ἀλλ’
621 2133 650 2190 οὔ
664 2130 729 2212 πρὸς
739 2131 877 2204 ἀλλήλους·
916 2137 963 2192 τοῦ
977 2132 1130 2211 ἀναγκαίας.
1144 2169 1183 2179 -
1192 2133 1374 2216 Ἐπικρατεῖν]
1386 2139 1515 2219 εὐπορεῖν.
1527 2174 1567 2186 -
1576 2143 1619 2222 Τῇ
1632 2139 1701 2222 ἄλλῃ

95 2224 135 2284 διδ
151 2224 196 2285 καί
208 2226 237 2283 οὔ
250 2221 336 2301 μάτην
347 2220 505 2303 πρόςκιιται.
517 2267 548 2280 ..
559 2218 712 2301 Ἀρξάμενος
724 2217 796 2285 εὐθὺς
807 2222 878 2276 καθι·
916 2221 1084 2302 παρασκευῇ]
1097 2226 1130 2302 τῇ
1145 2224 1278 2302 όπλιτικῇ.
1292 2259 1330 2270 -
1341 2244 1363 2284 ο.
1379 2222 1419 2285 Ἥ
1437 2248 1466 2284 τε
1485 2231 1531 2285 νῶν
1551 2228 1701 2310 θεσσαλία]

95 2310 237 2390 σταμίνου]
248 2306 404 2390 τδνχρόνον.
413 2304 877 2386 -Καθισταμίνου]ἀρχῆνλαμ6ά·
917 2306 1043 2388 πρότερον
1052 2305 1102 2390 γδιρ
1113 2307 1233 2386 Ἠμαδία
1243 2312 1370 2372 ἐκαλεῖτο.
1384 2346 1423 2359 -
1433 2309 1506 2372 Ὅσα
1520 2305 1552 2386 ῆν
1562 2314 1703 2397 κράτιστα]

60 2417 189 2466 ιονοντος.
211 2400 229 2475 S
249 2396 317 2458 Ἀντί
334 2401 380 2455 τοῦ
399 2393 597 2472 συνισταμένου.
621 2431 656 2439 -
675 2395 730 2455 Καὶ
755 2392 877 2471 ἐλπίσας]
917 2395 965 2470 ὔση
977 2388 1009 2469 ῆν
1022 2395 1175 2477 ἀρίστη-
1187 2416 1209 2457 ⁴.
1224 2397 1299 2459 Aru
1312 2399 1490 2480 δυνάμεις]τά
1503 2402 1699 2483 στρατεύματα.
1717 2431 1742 2471 ιε

94 2485 143 2559 τῆν
158 2484 254 2546 αἰτίαν.
264 2518 299 2529 -
314 2483 368 2545 Καί
379 2482 487 2549 ἐλπίσας
498 2482 580 2561 μέγαν
594 2505 622 2541 τε
633 2481 750 2561 ἐσεσθαι]
762 2480 877 2540 τδέλπί-
917 2516 952 2527 -
965 2504 987 2546 ε.
1003 2483 1053 2545 Ἐκ
1065 2490 1112 2545 τοῦ
1126 2484 1170 2544 ἐπί
1183 2486 1318 2565 πλεῖστον]
1332 2487 1357 2557 ἐξ
1373 2492 1465 2570 ἀρχῆς.
1476 2523 1517 2535 -
1530 2481 1633 2571 Οὔσαν]
1644 2493 1703 2552 ἀντί

96 2597 144 2641 σας
156 2574 204 2644 τὴν
218 2571 314 2633 αἰτίαν.
329 2606 368 2617 -
382 2570 437 2631 Καὶ
451 2570 560 2637 ἐλπίσας
575 2569 658 2649 μίγαν
671 2593 700 2630 τε
718 2569 834 2649 ἐσεσῦαι]
847 2568 877 2628 τὸ
916 2576 961 2631 τοῦ
986 2563 1062 2634 εἶναι.
1089 2608 1129 2620 -
1149 2576 1185 2635 Οἰ
1207 2575 1282 2634 αὐτοὶ
1301 2575 1354 2654 ἀεί]
1376 2581 1415 2658 τῷ
1429 2575 1498 2657 γάνει
1522 2577 1651 2650 δηλονότι·
1671 2583 1701 2640 οὔ

95 2660 206 2729 ἐλπίσας
219 2661 248 2719 οὔ
264 2657 341 2737 μόνον
360 2656 404 2717 ἐπὶ
418 2660 522 2740 ἀγαθῷ,
537 2657 595 2716 ἀλλ’
611 2657 701 2724 ἁπλῶς
719 2657 765 2717 ἐπί
781 2662 815 2738 τῇ
831 2662 876 2716 τοῦ
917 2651 1263 2740 γάρῆσανάδάνατοι.-·σ.
1273 2663 1514 2745 Καίπαράδειγμα]
1531 2667 1702 2747 παράδειγμα

96 2747 234 2827 μέλλοντος
245 2745 353 2806 ἐκόάσει
364 2745 477 2825 λέγεται.
491 2781 530 2791 -
546 2746 649 2825 Μέγαν]
662 2745 679 2817 ῆ
693 2749 731 2827 τῷ
744 2743 876 2828 χρόνῳ,ῆ
918 2746 976 2805 ἀντί
989 2753 1035 2808 τοῦ
1048 2747 1166 2825 σημείου.
1181 2784 1221 2795 —·
1232 2750 1287 2810 Καί
1298 2751 1468 2833 παράδειγμα
1482 2753 1540 2812 τάδε
1549 2759 1595 2813 τοῦ
1610 2751 1702 2839 λόγου]

56 2853 83 2892 ευ
95 2837 149 2902 τοῖς
174 2835 338 2917 πράγμασιν.
362 2868 402 2880 -
421 2832 592 2911 Ἀκμάζοντίς
611 2857 640 2892 τε
656 2826 736 2912 ῆσαν]
756 2833 814 2893 ἀντί
831 2836 876 2891 τοῦ
917 2838 1016 2913 δνοῶς,
1031 2838 1055 2895 οἱ
1069 2835 1117 2914 μέν
1132 2836 1214 2910 οὔτω,
1228 2840 1345 2917 Σημεῖον
1360 2837 1387 2898 δέ
1400 2846 1446 2898 ταῶ
1459 2838 1508 2912 τῆν
1522 2840 1640 2914 Ἀττικὴν
1660 2843 1701 2902 ἀεί
1715 2879 1742 2919 w

94 2924 223 2998 ῆκμαζον.
246 2958 288 2968 -
306 2912 409 3008 ᾞσαν]
434 2922 501 2998 μετά
522 2923 636 2994 σπουδῆς
655 2921 818 3003 ἐπορεύοντο.
838 2956 876 2967 -
917 2921 976 2991 τοῦς
988 2922 1082 2990 αὐτοὺς
1093 2925 1181 2997 οἰκεῖν,
1193 2924 1222 2983 τὸ
1232 2923 1301 2984 κατδι
1313 2924 1360 3004 μὲν
1372 2926 1406 3007 τδι
1419 2927 1490 2986 ἄλλα
1503 2928 1649 3009 πράγματα
1661 2929 1699 3008 μὴ

95 3014 258 3093 Παρασκευῇ
276 3008 410 3091 τῇπάση]
423 3013 479 3078 πῶς
491 3009 610 3087 ἤκμαζον
626 3008 767 3089 ἀμφότεροι
789 3030 878 3089 παρα·
918 3009 1072 3084 αὔξηδῆναι,
1086 3003 1139 3071 οἷον
1151 3011 1263 3072 πλοῦτόν
1274 3036 1302 3072 τε
1313 3014 1359 3073 καί
1372 3010 1444 3073 όπλα
1457 3015 1503 3074 καί
1516 3016 1617 3089 τάλλα,
1631 3018 1702 3078 κατὰ

96 3103 177 3173 σκευῇ
193 3103 225 3179 τῇ
241 3098 330 3177 πάσῃ,
344 3097 368 3156 εί
384 3120 413 3176 γε
426 3106 482 3165 τοῖς
499 3095 719 3167 Πελοποννησίοις
731 3094 876 3176 χρημάτων
918 3094 945 3155 δέ
958 3097 988 3156 τὸ
1002 3100 1101 3169 πλῆθος
1118 3102 1170 3158 τῶν
1185 3101 1285 3181 ἀνδρῶν
1300 3104 1418 3180 μεγάλην
1431 3101 1560 3180 γενέσθαι·
1575 3104 1650 3164 ἄλλοι
1669 3104 1698 3165 δέ

96 3187 189 3259 ἐνέδει;
201 3224 234 3233 -
248 3183 444 3261 Ξυνιστάμενον
458 3183 522 3264 πρὸς
536 3182 684 3264 ἑκατέρους]
699 3184 734 3250 εἰς
751 3181 877 3240 σύστασιν
918 3183 999 3258 οὔτω,
1014 3189 1130 3263 Σημείον
1145 3185 1173 3246 δι’
1185 3211 1229 3264 μοι
1238 3189 1335 3256 παντὸς
1344 3196 1390 3250 τοῦ
1402 3190 1590 3272 προειρημίνου
1602 3192 1699 3272 λόγου,

55 3288 83 3328 ατ
97 3273 142 3332 καί
154 3275 190 3341 εἰς
200 3273 320 3353 βοήθειαν
329 3271 457 3353 ἑκατέρων
469 3270 629 3349 κινούμενον.
639 3318 670 3331 -.
679 3269 720 3331 Τό
733 3268 781 3345 μὲν
789 3269 878 3349 εὔθῦς]
917 3277 963 3330 τοῦ
976 3271 1023 3340 τὰς
1037 3272 1144 3352 ἀρίστας
1156 3276 1209 3333 τῶν
1222 3279 1303 3353 γαιῶν
1322 3276 1497 3354 μεταὸάλλειν
1517 3278 1577 3347 τυῦς
1596 3279 1700 3353 οἰκήτο-
1712 3316 1740 3354 2⁶

97 3359 154 3438 ἀμα
167 3364 205 3441 τῷ
220 3359 346 3441 ἄρξασθαι
366 3358 409 3419 τὸν
423 3358 599 3436 πόλεμον.-
611 3378 633 3418 α.
649 3357 723 3429 Ἀῦτη
738 3356 787 3430 δή]
800 3357 830 3417 τὸ
844 3357 876 3429 δή
918 3384 978 3442 ρας,
999 3361 1031 3420 τδ
1047 3360 1094 3434 τήν
1113 3361 1233 3423 Ἐλλάδα
1250 3362 1320 3423 κατά
1337 3362 1370 3424 τάι
1389 3366 1458 3441 ἀλλα
1475 3370 1557 3440 αὔτῆς
1575 3369 1641 3452 μίρη
1661 3369 1699 3449 με]

97 3447 156 3506 ἀντί
163 3453 208 3506 τοῦ
215 3446 392 3508 πάνυ-Καί
405 3445 594 3528 με’ρειτινίτῶν
607 3444 759 3526 βαρὸάριον]
768 3446 878 3527 Θρᾷκας
917 3447 1057 3530 δμοίωςτῆ
1074 3449 1179 3531 Ἀττικῇ
1193 3450 1336 3524 αὐξηθῆναι
1356 3456 1394 3534 τῷ
1409 3452 1504 3526 πλήθει
1516 3460 1569 3515 τῶν
1589 3458 1699 3539 ἀνδρῶν.

95 3533 167 3613 λέγει
178 3534 223 3594 καί
237 3534 351 3615 Πέρσας·
366 3538 390 3593 οἰ
407 3533 454 3611 μίν
466 3533 517 3612 γάρ
532 3533 600 3611 μετά
612 3532 743 3594 Σιτάλκου
760 3531 877 3607 συνεμά-
917 3570 958 3583 -
975 3535 1024 3597 Ἐκ
1041 3534 1094 3618 γάρ
1110 3542 1158 3609 τῆς
1174 3537 1256 3610 ἄλλης
1277 3538 1416 3619 Ἑλλάδος]
1433 3542 1463 3599 ἐκ
1482 3540 1534 3623 γάρ
1551 3548 1598 3618 τῆς
1617 3543 1701 3617 ἀλλης
1722 3537 1725 3543 ’

95 3645 176 3701 χοντο
187 3622 342 3695 Ἀθηναίοις,
362 3625 386 3681 οἰ
402 3621 499 3700 δίμετ’
519 3619 685 3703 Ἀρταξέρξου
702 3620 748 3680 καὶ
765 3619 876 3701 Δαρείου
917 3621 1047 3691 Ἑλλάδος
1057 3627 1081 3684 σί
1094 3624 1269 3685 δυνατώτατοι
1280 3626 1449 3696 ἐκπίπτοντες
1463 3629 1611 3712 ἀνεχώρουν
1623 3630 1700 3716 παρά

54 3721 84 3761 ³⁰
97 3710 204 3790 ὔστερον
217 3713 269 3778 τοῖς
285 3709 508 3787 Λακεδαιμονίοις.
522 3743 563 3756 -
579 3708 623 3769 Τά
643 3706 694 3786 γάρ
709 3706 761 3788 πρὸ
779 3706 877 3785 αὐτῶν]
916 3710 975 3779 τοὺς
993 3711 1154 3785 Ἀθηναίους,
1172 3716 1208 3781 ῶς
1226 3712 1334 3792 βεόαίας
1351 3713 1431 3787 οὔσης
1447 3720 1494 3789 τῆς
1509 3717 1643 3791 οἰκήσεως.
1659 3754 1701 3768 -
1713 3749 1741 3792 w

95 3797 130 3856 τά
145 3797 252 3870 Μηδικά
266 3796 312 3856 καὶ
324 3796 485 3879 Τρωϊκά-
497 3793 541 3857 T&
555 3794 593 3854 ἔτι
605 3793 781 3877 παλαιότερα]
795 3792 829 3853 τά
851 3793 877 3863 ἐξ
917 3797 1063 3881 Πολέμιμῆ
1077 3799 1181 3879 στάσει]
1193 3799 1308 3878 πόλεμος
1320 3804 1334 3860 δ
1346 3805 1398 3861 τῶν
1413 3804 1567 3885 ἀλλοτρίων,
1582 3806 1672 3876 στάσις
1685 3811 1700 3868 δ

97 3877 128 3945 οὔ
149 3885 288 3967 ἄνθρωποι.
303 3920 343 3932 -
363 3883 523 3962 Ξυμόαίνει]
539 3883 597 3942 ἀντὶ
609 3888 655 3943 τοῦ
673 3881 814 3961 συνάγεται
832 3881 878 3940 καί
917 3884 1700 3970 ἐμφύλιος-Ἀνεχιόρουν]οἰἭρακλεῐδαι·ῆΜεσσήνιοιοί

96 3971 416 4054 συγκιραλαιοῶται,τδδ’
424 3971 468 4031 ἐπί
476 3970 640 4051 μακρότατον
650 3970 706 4029 ἀντὶ
714 3975 758 4030 τοῦ
766 3968 876 4030 ἐπιπολὺ
917 3973 977 4054 περί
995 3971 1141 4035 Μέλανδον.
1159 4009 1201 4021 -
1218 3976 1334 4035 Πολῖται
1352 3978 1511 4059 γιγνόμενοι]
1530 3983 1553 4039 οἰ
1570 3981 1700 4054 Ἀθηναῖοι

97 4060 143 4119 καί
158 4063 287 4138 ἐπιμελῶς
300 4060 393 4119 κεῖται.
407 4094 446 4105 -
460 4057 529 4119 Οὔτε
544 4059 570 4125 ἐς
581 4056 615 4117 τδι
629 4055 710 4142 ἀλλα]
727 4061 877 4138 κατασκευῇ
917 4058 947 4119 τὸ
962 4060 1076 4120 παλαιόν
1094 4060 1167 4129 εὔδῦς
1188 4063 1356 4140 μετεδίδοσαν
1375 4066 1519 4138 πολιτείας,
1540 4066 1647 4150 ὔστερον
1670 4066 1700 4130 δί

55 4166 84 4204 πε
98 4147 226 4217 δηλονότι.
235 4177 276 4194 υ-
286 4147 332 4214 Ἐς
343 4146 376 4205 τδι
389 4145 469 4225 ἀλλα]
483 4146 562 4226 ῆγουν
577 4148 613 4213 είς
626 4144 674 4218 τήν
688 4143 757 4204 κατδι
769 4150 819 4224 γῆν
831 4144 878 4204 καί
918 4146 1017 4222 οὔκίτι,
1035 4146 1078 4208 διά
1094 4148 1124 4209 τὸ
1141 4151 1250 4221 πλῆθος.
1268 4185 1308 4197 -
1321 4151 1369 4219 Ἐς
1388 4151 1503 4235 Ἰωνίαν]
1521 4155 1699 4234 προληπτικόν
1712 4192 1739 4239 ³,

97 4236 233 4295 θάλασσαν
246 4241 291 4294 τοῦ
304 4234 422 4313 πολέμου
439 4232 591 4305 κατασκευή
607 4279 614 4293 .
628 4267 667 4280 -
682 4233 728 4301 Ἐς
744 4232 778 4292 τά
797 4233 878 4314 ἀλλα]
918 4238 974 4295 ἐστι
986 4240 1094 4316 σχῆμα,
1108 4233 1171 4295 όταν
1185 4235 1215 4295 τδ
1227 4234 1331 4315 συμόάν
1345 4236 1452 4319 ὔστερον
1463 4239 1637 4319 προλαόόντες
1650 4267 1700 4302 κα-

97 4314 151 4382 οἷον
161 4321 208 4388 τδς
218 4322 344 4404 ἐκλείψεις
357 4323 403 4382 καί
413 4321 472 4389 τσῦς
483 4320 614 4400 σεισμούς.
918 4321 1046 4402 λίσωμεν.
1069 4321 1145 4403 δγάιρ
1158 4322 1251 4397 ξυνίάη
1265 4322 1333 4402 μετά
1346 4322 1393 4397 τῆν
1405 4325 1507 4396 οίιιησιν
1520 4331 1572 4386 τῶν
1586 4331 1699 4412 ἀνδρῶν,

138 4413 176 4472 ll.
198 4409 234 4471 ‘fl
247 4415 292 4469 νῶν
301 4409 401 4477 Ἕλλδις
411 4409 573 4488 καλουμένη]
584 4409 635 4491 πρδ
645 4408 737 4470 τοῦτου
746 4409 797 4490 γάρ
809 4409 879 4470 κατά
921 4409 1067 4490 (λίγωδέτδ
1076 4413 1204 4485 κληθῆναι
1210 4412 1332 4491 Ἰωνίαν]
1338 4418 1413 4473 τοῶτο
1419 4413 1500 4486 αὐτὴν
1509 4416 1700 4499 προςηγόρευσε

57 4496 879 4666 ι.ῶῖῶῆῖί.ἶ“ῶήίἶίῶῶζῶ..τὸέόίέῶῖῆόίίῶ
919 4498 1699 4676 ὔίέμῆέίλίηέλῆῆίέίῖλζίδῆῆῆῆ.ἶίίῖξ
1712 4632 1738 4670 .,

99 4672 129 4729 οὔ
138 4671 248 4750 βεόαίως
257 4671 365 4731 ὑπδτῶν
374 4673 494 4730 παλαιῶν
504 4669 656 4752 ἀνθρώπων.
669 4671 787 4732 -Ἀλλά
798 4696 879 4751 μιτα-
919 4674 998 4747 οὔσης
1008 4675 1060 4756 πρδ
1075 4673 1168 4736 τοῦτου
1181 4681 1227 4748 τῆς
1245 4675 1358 4745 Ἰωνίας,
1374 4677 1530 4737 ἀπίστειλαν
1548 4682 1633 4740 ἐκεῖσε
1653 4682 1698 4742 τδν

99 4757 247 4839 ναστάσεις]
258 4759 428 4837 μετοικήσεις·
439 4759 574 4840 ραίνονται
585 4757 752 4831 δηλονότι.-
763 4759 819 4821 Καί
830 4765 879 4842 ῥιγ-
919 4762 998 4844 όχλον
1009 4766 1033 4823 οἰ
1047 4763 1186 4838 Ἀδηναῖοι,
1200 4768 1240 4847 ἐρ’
1253 4757 1275 4846 ᾧ
1287 4763 1384 4824 κτίσειν
1399 4765 1444 4824 καί
1460 4768 1565 4838 οἰκῆσαι
1580 4767 1628 4840 τῆν
1639 4773 1697 4847 γῆν.

100 4845 173 4924 δίως]
182 4846 234 4905 ἀπὸ
242 4853 327 4907 κοινοῦ
337 4847 367 4906 εδ
376 4847 518 4929 ραίνονται.
530 4846 647 4908 -Ὑπό
655 4847 779 4907 τινωνάεἰ
788 4849 879 4908 πλειό-
919 4851 965 4910 καί
979 4854 1002 4911 οἱ
1015 4851 1174 4932 πεμρδέντες
1191 4855 1275 4913 ἐκεῖσε
1292 4857 1462 4925 κατοικῆσαι,
1477 4853 1546 4914 οὔτω
1561 4857 1698 4916 καλεῖσθαι

99 4932 163 5012 νων]
179 4935 227 4992 οὔκ
244 4925 301 4992 εἰπε
320 4936 446 5006 δυνατῶν,
463 4933 507 4992 ἵνα
526 4932 562 5013 μῆ
581 4932 717 5014 ἐπαινέσῃ.
732 4967 770 4982 -
783 4955 807 4997 τ.
824 4938 880 5008 Τῆς
919 4937 1557 5022 τῆνχῶρανῦστερονπαρεσκεῦασαν.τσῦτοδέκαί
1570 4942 1697 5022 Ἀριστεί-

57 5047 87 5089 ιι
100 5019 151 5102 γὰρ
165 5020 291 5103 ἐμπορίαι
304 5023 352 5081 οὐκ
363 5020 452 5100 οὔσης]
466 5025 512 5092 τῆς
526 5019 595 5081 κατὰ
608 5020 741 5080 θάλατταν
755 5045 880 5102 πραγμα-
920 5027 1001 5099 δηςέν
1018 5031 1056 5108 τῷ
1065 5030 1260 5110 Παναθηναϊκῷ
1270 5036 1310 5103 [p.
1324 5047 1360 5089 ιω
1371 5035 1450 5102 cant]
1461 5028 1595 5109 εποίησεν,
1608 5029 1695 5091 εἰπών
1710 5065 1736 5104 ⁴³

100 5107 230 5176 τείας-
240 5104 452 5192 Ἐπιμιγνῦντις]
465 5109 671 5190 ἐπιμιγνύμενοι.
682 5145 721 5158 -
733 5109 880 5188 Νεμόμινσί
921 5111 1088 5190 «Λυσαμίιη
1102 5112 1150 5186 τήν
1161 5114 1244 5186 ζώνην
1259 5117 1286 5174 ἐν
1301 5118 1423 5197 Ζωστῆρι
1436 5121 1482 5188 τῆς
1497 5116 1625 5191 Ἀττικῆς.
1647 5146 1660 5172 ι
1682 5122 1697 5178 δ

201 5220 301 5265 Tanem-
313 5218 397 5264 scum„
598 5219 601 5222 ⁴
1606 5229 1632 5266 τε
