3676 5828
190 358 246 410 ιοο
826 337 998 400 sellom.
1012 338 1051 416 v,
1067 346 1214 401 οο-ιοε.

187 476 328 558 τεκμήριον
346 479 392 546 τῆς
408 472 497 553 ἰσχύος
512 475 589 549 ἡμῶν
606 469 652 530 κοί
667 469 779 548 δήλωμα
790 478 843 538 τοῖς
854 468 971 551 ἆρχομὲ·
1010 481 1087 550 θῆναι
1100 482 1147 550 τῆς
1158 478 1312 557 ἡγεμονίας,
1326 480 1371 538 καί
1384 482 1408 540 οί
1421 479 1591 551 δουλεύοντες
1602 487 1666 562 ὑμῖν
1679 485 1745 569 ὑπέρ
1756 496 1795 551 m?

186 590 239 633 νοις
250 563 408 646 παρέχοντες
418 563 448 620 τὸ
459 565 526 638 ὑμᾶς
537 558 796 618 καταδουλώσασθαι·
809 561 832 616 εί
844 559 872 617 δέ
884 558 971 639 φίλους
1012 567 1198 645 ἀπαλλαγῆναι
1216 570 1263 638 τῆς
1282 567 1410 649 ὑμετέρας
1433 571 1519 650 ἀρχῆς
1536 572 1745 635 διακινδυνεύει,
1756 579 1795 638 α.

186 651 364 728 ποιησόμεθα,
378 650 421 708 διὰ
434 647 482 720 τήν
498 647 627 728 ἡμετέραν
640 646 774 706 ἀσθένειαν
788 651 865 706 τοῦτο
876 648 971 727 δρᾶσαι
1011 655 1097 712 λουοι,
1111 658 1166 720 πῶς
1180 658 1270 731 ἡμεῖς,
1282 658 1305 713 οί
1320 654 1358 713 έτι
1372 653 1500 738 ἐλεύθεροι
1514 656 1604 732 ὄντες,
1618 662 1668 719 οὐκ
1683 662 1715 721 ἀν
1728 664 1796 726 κάει.

187 739 415 820 νυμισθησόμεθα,
429 741 464 804 ὡς
477 735 633 819 φούούμενοι
648 739 726 813 ὑμᾶς.
1012 762 1070 798 στοι
1091 741 1137 799 καί
1157 740 1301 801 δειλότατοι
1322 741 1484 823 κριθείημεύ,
1509 745 1547 823 μή
1571 746 1665 808 πάντα
1687 750 1794 813 κίνδυνον

160 849 175 887 ο
227 831 328 890 xcvl.
356 829 490 888 Σκοπούσι
505 825 527 884 δ’
545 827 618 902 ὑμῶν
636 821 759 902 οὑτως...]
776 823 900 882 εἰπόντων
919 825 971 882 τῶν
1012 827 1198 904 ὑπομείναντες
1228 828 1280 910 πρὸ
1304 833 1352 888 τού
1379 831 1532 913 δουλιύσαις
1555 869 1601 881 -
1625 835 1813 922 Ἐπεξεὴθεῖνγι

188 916 328 990 Ἀθηναίων
341 914 380 974 ὅτι
398 917 422 972 οί
434 913 572 992 σύμμαχοι
591 909 725 970 ἀσθένειαν
739 915 816 988 ἡμῶν
832 909 970 989 καταγνύι-
1012 915 1048 981 είς
1059 912 1131 982 τέλος
1142 914 1312 996 ἐργάσασθαι.

187 1028 294 1082 σονται,
311 1006 335 1063 οί
349 1003 448 1074 Μήλιοι
467 998 636 1082 ὑποφέροντές
655 1021 743 1079 φασιν,
764 1001 787 1058 εἰ
811 1002 835 1057 οἱ
861 999 972 1069 ὑπήκοοι
1052 1002 1098 1063 cl.
1128 1001 1204 1076 Οὐκ,
1231 1003 1262 1076 ήν
1287 1027 1317 1082 γε
1336 1004 1475 1086 σωφρόνως
1500 1009 1667 1088 βουλεύησθε
1668 1057 1722 1075 .....
1723 1015 1735 1094 ]
1756 1015 1795 1076 lb

187 1096 260 1171 ὑμῶν
271 1099 348 1151 τοῦτο
358 1089 488 1171 κρίνουσιν
499 1088 617 1165 εὔλογον,
629 1084 693 1154 ὥςιι
705 1088 732 1144 έν
743 1089 781 1167 τῷ
793 1088 865 1165 αὐτῷ
875 1085 973 1145 τιθέναι
1013 1089 1152 1171 σωφρόνως
1168 1090 1358 1171 βουλεύσησθε,
1372 1095 1402 1152 οὐ
1415 1096 1601 1169 καταστήσετε
1620 1101 1693 1177 ὑμᾶς
1713 1105 1795 1173 αὑτοῖς

97 1212 116 1221 -·
186 1182 233 1240 καί
247 1179 341 1258 ὁμοίως
351 1177 436 1246 ἀξιοῦν
449 1177 672 1235 καταδουλοῦσθαι
682 1173 742 1242 τούς
753 1198 782 1232 τε
797 1175 878 1252 μηδὲν
892 1198 971 1254 προς·
1014 1180 1049 1245 εἰς
1074 1178 1203 1238 κίνδυνον·
1224 1182 1253 1239 οὐ
1278 1179 1329 1261 γθιρ
1351 1181 1418 1262 Ιπερί
1438 1184 1533 1263 ἀρετῆς
1554 1188 1733 1264 ἀγωνίζεσθε,
1755 1196 1795 1252 χοὶ

149 1284 174 1319 ιο
187 1267 297 1340 ἥκοντας
317 1270 387 1343 ὑμῖν,
412 1263 496 1344 ὥςπερ
519 1269 603 1340 ἡμᾶς,
623 1262 669 1320 καί
689 1261 748 1329 τούς
775 1262 900 1329 ἀποίκους
925 1261 972 1339 μὲν
1014 1264 1332 1344 ἐλάσσονες*ἡμῶνόντες
1345 1268 1474 1350 αἰσχρὸν*
1486 1272 1821 1359 ἡγήσεσθετὸαίσχύνηνυ

186 1359 259 1432 ὑμῶν
271 1355 360 1426 ὄντας,
375 1352 538 1418 ἀποστάντας
552 1350 695 1423 δὲ,καίδιά
707 1356 783 1409 τοῦτο
793 1349 972 1430 χειρωθέντας.
1013 1353 1114 1433 όφλειν·
1129 1354 1190 1435 περί
1204 1353 1232 1412 δὲ
1246 1356 1377 1436 σωτηρίας
1388 1361 1448 1432 ὑμῖν
1460 1362 1477 1430 ἡ
1492 1359 1576 1439 βουλὴ
1590 1363 1741 1444 πρόκειται,
1763 1370 1795 1429 διὸ

227 1444 343 1505 XCVII.
351 1439 520 1518 Δικαιώματι
529 1439 579 1519 γάρ
589 1438 738 1516 οὐδετέρους
747 1438 875 1496 ἐλλείπειν
882 1442 974 1516 ἡγούν·
1013 1439 1065 1520 χρή
1080 1439 1118 1517 μὴ
1133 1441 1304 1501 ἀνθίστασθαι
1315 1447 1368 1511 τοῖς
1381 1446 1471 1526 πολλῷ
1481 1447 1642 1527 κρείττοσιν,

187 1555 231 1591 ται
253 1539 290 1603 ...]
311 1533 335 1589 οί
351 1527 463 1600 ὑπήκοοι
476 1530 552 1604 ἡμῶν
573 1526 747 1602 δικαιολογίας
769 1525 815 1602 μὲν
835 1525 894 1584 ούτε
915 1523 974 1591 τούς
1053 1528 1113 1589 CH.
1137 1529 1206 1588 Ἀλλ’
1224 1530 1388 1608 ἐπιστάμεθα
1408 1530 1442 1589 τὰ
1454 1536 1507 1591 τῶν
1520 1536 1708 1619 πολεμίων...]
1725 1542 1796 1623 ὀρθῶς

187 1618 329 1699 ἡμετέρους
341 1615 463 1682 ἀποίκους
471 1614 635 1681 ἀποστάντας
646 1612 704 1673 ούτε
714 1613 774 1680 τούς
785 1613 821 1689 μὴ
834 1612 974 1694 προςήκον·
1014 1614 1177 1692 ἐπιστάμεθα
1191 1614 1225 1674 τά
1238 1621 1290 1675 τῶν
1305 1618 1438 1696 πολεμίων
1452 1618 1521 1700 τύχῃ
1537 1624 1644 1698 μᾶλλον
1657 1624 1676 1696 ἡ
1691 1628 1796 1699 πλήθσις

149 1727 174 1766 ιε
187 1730 233 1774 τας
248 1709 354 1786 ἀπορεῖν
368 1710 507 1782 ἡγοῦνται,
520 1701 576 1769 τούς
588 1701 615 1760 δὲ
632 1702 669 1778 μὴ
681 1699 912 1782 καταστραφέντας
923 1699 973 1758 ὑπὸ
1015 1705 1130 1782 ὑπεροχῇ
1143 1702 1297 1783 κρινόμενα·
1312 1704 1415 1786 προςέτι
1429 1706 1515 1765 δὲκαὶ
1528 1714 1610 1769 τοῦτο
1624 1713 1796 1793 γιγνώσκομεν
1806 1735 1822 1772 ιν

188 1799 264 1873 ἡμῶν
278 1793 336 1873 οὐχὶ
349 1791 392 1851 διὰ
403 1792 433 1850 τδ
448 1791 558 1864 δίκαιον,
573 1791 642 1849 ἀλλά
660 1791 692 1848 δι’
709 1789 784 1869 ἰσχὺν
801 1789 887 1866 μένειν
900 1791 974 1848 ἐλευ-
1014 1788 1055 1847 ότι
1066 1789 1096 1848 τὸ
1109 1788 1155 1866 μὲν
1167 1789 1241 1858 εὐθὺς
1252 1781 1317 1860 εῖῖαι
1329 1793 1450 1870 οὐδεμίαν
1464 1795 1559 1855 ἐλπίδα
1572 1800 1724 1883 ἐλευθερίας
1736 1804 1796 1884 ἔχει,

188 1882 290 1964 θέρους,
304 1882 350 1940 καὶ
367 1886 438 1959 ἡμᾶς
453 1880 546 1948 αὐτοὺς
560 1879 598 1957 μή
616 1877 716 1937 ἐπιέναι
738 1880 767 1936 οὐ
782 1877 826 1935 διθι
839 1875 973 1936 δικαιοσύ-
1015 1880 1041 1936 ἐν
1055 1877 1083 1936 δὲ
1097 1882 1135 1959 τῷ
1149 1879 1318 1939 ἀνθίστασθαι
1339 1882 1415 1949 ἐλπίς
1429 1906 1468 1951 τις
1484 1885 1661 1946 ὑπολείπεται
1681 1896 1729 1949 ταῶ
1752 1916 1795 1951 ισ-

188 1995 245 2044 νην,
252 1969 321 2028 ἀλλὰ
332 1967 513 2052 φοὺουμένους·
523 1968 596 2039 ῶςτε,
604 1970 626 2024 εἶ
635 1965 871 2046 καταστραφείητε,
880 1967 909 2024 οὐ
922 1963 972 2041 μό·
1013 1965 1145 2046 ταπρᾶξαι
1159 1969 1247 2046 ὀρθῶς.
1312 1999 1313 2002 ¹

188 2080 231 2116 νον
244 2061 309 2136 ἡμῖν
320 2055 455 2137 περιέσται
465 2059 495 2114 το
508 2053 623 2113 πλεόνων
637 2053 737 2134 ἄρχειν,
750 2050 818 2110 ἀλλὰ
832 2052 877 2110 καῖ
886 2052 973 2132 ἀσφά-
1055 2056 1129 2114 0111.
1152 2055 1246 2122 Ἐλπίς
1264 2054 1292 2114 δέ
1310 2055 1419 2138 κινδύνῳ
1435 2059 1604 2139 παραμύθιον
1623 2054 1797 2145 αὐσα...]τυἰς

149 2162 176 2200 νο
189 2148 246 2204 λεια
262 2143 414 2225 προςέσται,
432 2147 467 2210 ῶς
488 2142 519 2201 ἀν
532 2142 569 2220 μὴ
584 2139 837 2223 καταφρονουμένοις
856 2140 907 2198 ὑπὸ
918 2145 970 2199 τῶν
1014 2143 1040 2199 έν
1052 2142 1161 2223 κινδύνῳ
1171 2147 1336 2212 καθεστῶτας
1348 2144 1411 2204 αὐτδ
1423 2145 1500 2224 μόνον
1510 2157 1726 2232 παρηγοροῦσιν·
1737 2157 1797 2214 ἀλλὰ
1805 2179 1824 2218 ο

189 2233 348 2312 συμμάχων.
358 2268 396 2278 -
409 2235 558 2304 Νησιῶται]
571 2229 701 2309 ἰσχύοντες
715 2233 772 2296 ταῖς
782 2227 858 2287 ναυσῖ
872 2231 972 2306 μᾶλλον
1013 2229 1072 2296 τούς
1086 2229 1134 2308 μέν
1148 2234 1175 2290 ἐν
1188 2231 1297 2309 δυνάμει
1314 2232 1503 2312 τυγχάνοντας,
1524 2235 1579 2295 κδν
1596 2242 1689 2321 σφαλῇ
1704 2243 1765 2302 ποεῖ
1782 2250 1796 2316 ἡ

188 2322 206 2392 ἡ
220 2301 351 2392 κατὰτὴν
362 2320 480 2400 ἤπειρον.
1014 2317 1101 2391 έλπίς,
1113 2321 1142 2377 οὐ
1156 2319 1283 2378 κατέλυσε
1296 2322 1444 2394 παντελῶς,
1457 2321 1500 2380 διὰ
1513 2323 1544 2381 τὸ
1557 2327 1752 2388 ὑπολείπεσθαι
1760 2331 1798 2389 δέ·

229 2410 357 2470 XCVIII.
379 2407 428 2467 'Ev
446 2408 469 2464 δ’
484 2404 577 2486 έκείνῳ
595 2408 625 2464 οὐ
639 2404 756 2481 νομίζετε
771 2404 973 2486 ἀσφάλειαν...]
1013 2428 1091 2481 ναμιν
1106 2407 1204 2473 αὐτοῖς·
1224 2410 1248 2465 οί
1262 2405 1289 2465 δέ
1304 2408 1364 2488 περὶ
1376 2408 1480 2467 πάντων
1494 2401 1531 2468 ὧν
1550 2410 1660 2491 ἔχουσιν

190 2501 217 2556 ἐν
232 2497 254 2556 δ’
271 2495 361 2576 ἐκείνῳ
380 2497 429 2574 οὐχ
449 2498 554 2571 ἡγεῖσθε
575 2491 719 2572 ἀσφάλειαν
739 2484 819 2564 εῖναι,
840 2495 867 2551 έν
883 2497 921 2574 τῷ
935 2493 973 2571 μή
1016 2515 1088 2568 μενοι
1103 2494 1143 2551 ἐπ’
1159 2495 1248 2575 ἀδήλῳ
1263 2495 1362 2567 ἐλπίδι,
1377 2496 1514 2568 έπειδδινὴ
1532 2499 1610 2566 ἐλπὶς
1626 2504 1733 2584 σφαλῇ,
1747 2505 1798 2583 ἅμα

149 2608 176 2646 οε
189 2588 328 2664 πειρᾶσθαι
346 2580 406 2648 τούς
426 2581 463 2659 μή
485 2579 660 2660 προςήκοντας
677 2577 916 2661 καταστρέφεσθαι;
935 2582 976 2639 δεῖ
1013 2601 1042 2637 τε
1057 2578 1173 2658 ἔγνωσαν
1184 2581 1224 2639 δτι
1235 2582 1399 2663 ἐσφάλησαν,
1411 2583 1457 2642 καὶ
1471 2583 1545 2643 οὐδέν
1559 2588 1654 2656 αὐτοῖς
1664 2592 1825 2652 ὑπολείπει

190 2670 250 2751 γὰρ,
262 2668 348 2748 ὥςπερ
362 2672 434 2745 ὑμεῖς
448 2666 634 2749 ἐκκρούσαντες
644 2671 716 2744 ἡμᾶς
727 2671 774 2738 τῆς
790 2667 973 2746 δικαιολογίας,
1014 2689 1071 2738 ται,
1084 2669 1110 2725 έν
1125 2658 1162 2748 ᾧ,
1178 2667 1351 2755 γνωρίσαντες
1364 2670 1395 2729 τὸ
1405 2669 1530 2730 ἀὺέύαιον
1544 2677 1593 2744 τῆς
1608 2675 1730 2751 ἐλπίδος,
1743 2679 1799 2738 Ἲς,

191 2756 291 2827 ἀξιοῦτε
304 2755 403 2815 πείθειν
413 2754 477 2823 ῶςτε
492 2754 631 2815 ὑπακούειν
643 2759 716 2831 ὑμῖν,
729 2753 915 2834 στοχαζόμενοι
929 2763 974 2815 τοῦ
1015 2752 1181 2833 φυλάξονται·
1199 2755 1214 2812 ὃ
1233 2757 1321 2833 ὑμεῖς,
1342 2747 1364 2816 οὐ
1394 2757 1507 2832 Μήλιοι,
1527 2761 1650 2831 ἀσθενεῖς
1670 2765 1744 2835 ὄντες
1760 2769 1799 2826 καί

190 2849 264 2923 ὑμῶν
285 2846 370 2903 αὐτῶν
395 2842 582 2925 συμφέροντος,
605 2842 673 2902 οὑτω
690 2843 737 2901 καί
759 2849 830 2920 ἡμᾶς
848 2843 909 2924 περί
928 2850 973 2903 τοῦ
1016 2842 1133 2922 μηδεμιᾷ
1156 2841 1230 2923 μάχη
1252 2843 1389 2923 ἐξαρκέσαι
1409 2844 1560 2923 δυνάμενοι,
1581 2848 1623 2927 μή,
1643 2854 1799 2931 πάθητε,ςὴ

189 2939 254 3010 ἡμῖν
277 2934 365 3000 αὐτοῖς
383 2935 533 3000 λυσιτελοῦς
552 2936 692 3012 πειρᾶσθαι
710 2930 852 3002 διδάσκειν,
873 2933 914 2990 δτι
929 2933 974 2992 καί
1016 2927 1101 2986 ἐλπίδι
1114 2935 1265 2988 πῑοτοῧοοο·
1278 2929 1345 3007 μηδὲ
1357 2933 1410 2998 τοῖς
1420 2935 1525 3000 πολλοῖς
1539 2939 1711 3020 δμοῑωθῆτε,
1726 2945 1799 3004 οίδυ-

152 3039 178 3076 ’.ο
192 3019 291 3098 ὑμῖντὸ
300 3017 634 3101 αὐτδσύμφορον,τουτίστι
642 3018 673 3077 τὸ
681 3016 718 3095 μὴ
724 3020 975 3080 καταδουλώσασθαι
1015 3012 1123 3092 νόμενον
1137 3015 1281 3090 σώζεσθαι,
1294 3018 1398 3077 ἐπειδάν
1413 3019 1464 3079 ὑπὸ
1482 3026 1534 3081 τῶν
1549 3031 1675 3109 φανερῶν
1694 3032 1825 3092 έλπίδιινι

189 3105 248 3173 τούς
261 3105 298 3184 μή
310 3104 494 3186 προςήκοντας.
508 3105 567 3174 τοὺς
578 3103 630 3187 γὰρ
643 3105 792 3186 μηδετέροις
807 3106 974 3188 ξυμμαχοῦν.
1015 3104 1232 3185 καταλειφθῶσιν,
1245 3105 1288 3164 ἐπί
1301 3104 1348 3173 τάς
1361 3109 1467 3188 ἀφανεῖς
1480 3101 1697 3193 καταφεύγουσι,
1711 3142 1799 3197 μεη-

190 3220 235 3263 τας
247 3198 342 3263 πῶςού
354 3196 477 3267 ποιήσετε
484 3193 764 3274 πολεμίους,έπειδδιν,
777 3196 974 3279 ἀποόλέψαντες
1015 3189 1065 3261 νύν
1082 3213 1111 3248 τε
1125 3192 1170 3250 καί
1190 3192 1327 3273 χοηομοὺς
1346 3194 1461 3268 δηλαδή,
1482 3196 1528 3255 καί
1543 3197 1595 3259 ὅσα
1613 3209 1728 3264 τοιαῦτα
1748 3211 1799 3285 μετ’

191 3281 280 3354 είςτὴν
292 3281 400 3361 γνώμην
411 3286 494 3359 ὑμῶν,
505 3281 690 3342 ὑποπτεύσωσι
702 3282 748 3343 καί
756 3286 843 3351 αὐτοῖς
850 3287 975 3366 έπιστρα-
1016 3275 1127 3334 ἕλπῖδονν
1148 3278 1302 3355 λομοῖνοοοῑ
1323 3281 1473 3363 ἀνθρώπους
1479 3329 1487 3355 ,
1502 3286 1531 3342 έν
1551 3288 1644 3348 ἐλπίδι
1661 3299 1799 3363 ποιοῖντες.

190 3369 308 3450 τεύσειν;
321 3373 370 3428 κάν
386 3369 474 3451 τούτῳ
487 3369 514 3428 τί
528 3369 592 3429 όίλλο
607 3369 624 3442 ἢ
639 3370 756 3437 καὶτοὺς
771 3369 883 3453 πρόσθεν
897 3375 975 3432 πολε-
1016 3367 1042 3441 §
1057 3364 1096 3425 Τὸ
1106 3363 1133 3423 δέ
1143 3393 1155 3417 ι
1170 3366 1242 3434 έλπὶτ
1254 3365 1281 3426 δὲ
1291 3369 1409 3429 κινδύνου
1420 3374 1586 3453 παραμύθιον
1600 3405 1614 3428 ν
1624 3379 1730 3462 σφόδρα
1741 3387 1799 3464 βρε·

152 3473 177 3513 νο
193 3457 266 3535 μίους
283 3457 423 3531 αὐξήσετε,
442 3456 488 3516 καί
505 3456 565 3524 τούς
583 3457 620 3534 μή
644 3457 826 3530 διανοηθέντας
844 3462 904 3537 ὑμῖν
927 3461 974 3534 τήν
1014 3451 1083 3531 χέον
1094 3453 1203 3535 οίρηοοο·
1220 3454 1250 3514 οὐ
1265 3455 1291 3514 δέ
1304 3484 1314 3508 ν
1326 3456 1500 3540 δύπονοτγθρ
1511 3463 1642 3538 (τουτέστι
1653 3469 1824 3552 δαπανηρλὴα

190 3544 275 3626 ἀρχὴν
289 3547 414 3623 πολεμεῖν
427 3543 537 3611 ἄκοντας
555 3545 619 3603 αὐτδ
633 3550 715 3604 ποιεῖν
736 3548 917 3627 ἀναγκάσετε;
934 3583 976 3594 -
1015 3539 1118 3611 ἡὲλπίς
1130 3570 1142 3593 ν
1154 3541 1200 3601 καί
1214 3543 1277 3602 αὐτὸ
1292 3545 1339 3622 μὲν
1355 3545 1454 3627 βραχύ,
1467 3547 1578 3609 δύναται
1592 3552 1623 3612 δὲ
1637 3560 1757 3618 τοιοῦτόν
1764 3583 1798 3638 τι,

193 3632 362 3714 Μηδετέροις]
383 3632 450 3710 μήτε
466 3640 519 3699 τοῖς
534 3632 678 3702 Ἀθηναίοις
698 3632 764 3710 μήτε
776 3639 829 3702 τοῖς
841 3638 974 3696 Λακεδαι-
1016 3626 1055 3686 ὅτῑ
1069 3631 1093 3687 οί
1109 3629 1255 3699 ἐλπίζονοέο
1267 3655 1334 3700 τινος
1347 3633 1481 3702 τοῦίοοθοῑ
1496 3637 1583 3696 πολλὰ
1598 3644 1798 3722 πρατδαπανῶσι

193 3719 297 3796 μονίοςς,
309 3754 350 3764 -.
362 3718 566 3799 Πολεμώςεςθε]
581 3723 617 3788 εἰς
629 3721 744 3799 πόλεμον
758 3722 906 3800 ζμὸαλςῑςς,
935 3761 976 3772 -
1016 3715 1061 3774 καί
1075 3719 1318 3798 προςαναλίσκουσι.
1334 3722 1364 3780 τό
1378 3721 1406 3781 δέ
1421 3723 1463 3782 ἐπὶ
1477 3730 1574 3799 κοπῆς,
1589 3731 1663 3789 τοῦτ’
1678 3733 1737 3793 ἔστι
1750 3745 1794 3817 μιφ

193 3807 238 3875 Ἐς
252 3807 326 3885 τάδε]
339 3806 374 3865 τὰ
385 3809 501 3887 ἡμέτερε
513 3807 594 3878 πάθη,
1017 3801 1091 3882 μάχη
1110 3803 1185 3880 μόγις
1200 3803 1316 3887 ἐξαρκεῖν
1332 3808 1478 3886 δυνάμενοι.
1500 3811 1563 3872 ένιοι
1578 3815 1607 3874 δέ
1630 3817 1686 3878 ἀπὸ
1706 3825 1759 3880 τῶν
1775 3824 1797 3882 ἐν

154 3915 180 3952 ιο
233 3897 332 3956 XCIX.
359 3896 400 3955 Οὐ
432 3892 483 3974 γάρ
508 3894 646 3972 νομίζομεν
669 3900 768 3973 ἡμῖντ
771 3943 823 3958 .....
841 3906 851 3971 ]
874 3903 904 3959 οὐ
924 3900 975 3983 γὰρ
1017 3891 1300 3973 μῑᾷκοπῇνοῖπληγῇ
1313 3895 1824 3992 ζώωνάναιρουμένωντδόνομάφσσιιι

194 3983 330 4061 νομίζομεν
342 3981 400 4050 τούς
414 3982 561 4062 ἐλευθέρους
570 3987 621 4041 τῶν
632 3987 784 4065 ἠπειρωτῶν
797 3991 860 4062 ἡμῖν
871 3987 975 4048 ἔσεσθαι
1015 3982 1187 4051 πθποῑῆοθοῑν
1206 3979 1269 4047 ὅςτί
1290 3974 1357 4042 εἶναι
1376 3984 1504 4046 σύνθετον.
1519 4024 1561 4035 -
1578 4011 1602 4052 ο,
1627 3991 1694 4055 Ἐπί
1712 3991 1797 4080 ῥοπῆς]

193 4072 341 4150 πολεμίους’
359 4069 396 4148 μή
413 4070 523 4137 δεδιότες
543 4068 593 4151 γδιρ
607 4076 693 4149 ἡμᾶς,
707 4075 742 4138 ὡς
756 4071 786 4131 ἀν
800 4073 869 4133 κατά
883 4081 932 4154 γῆν
946 4081 974 4136 οὐ
1015 4063 1135 4147 Ὄμηρος
1149 4075 1191 4138 [Π.
1201 4081 1236 4142 Κ,
1254 4079 1312 4143 17³1·

195 4157 335 4236 μέλλοντας
349 4162 436 4227 αὐτοῖς
449 4157 654 4239 ἐπιστρατεύειν,
673 4160 774 4231 πολλήν
790 4160 915 4238 μέλλησιν
930 4171 975 4224 τοῦ

195 4245 370 4328 φυλάττεσθαί
381 4270 409 4304 τε
423 4251 495 4323 ἡμᾶς
507 4245 552 4304 καί
566 4248 689 4324 πολεμεῖν
701 4247 863 4319 ποιήσονται·
876 4249 934 4318 τούς
947 4252 975 4311 δέ

157 4350 181 4389 ω
196 4336 222 4392 έν
236 4336 292 4402 ταῖς
304 4334 391 4406 νήσοις
404 4333 563 4414 ἐλευθέρους,
578 4333 662 4416 ῶςιεερ
682 4339 761 4413 ὑμᾶς,
776 4336 821 4395 καὶ
834 4336 892 4405 τούς
903 4342 974 4397 ὑπα-
1017 4339 1127 4424 Ῥοπῆς]
1138 4343 1385 4416 κινήσεως-Τοῖς
1391 4351 1507 4430 πολλοῖς]
1515 4354 1568 4420 τοῖς
1575 4357 1824 4428 ἀπαιδεύτοις-ο

195 4423 318 4490 κούοντας
330 4421 377 4499 μέν
389 4423 455 4495 ήδη,
468 4421 511 4480 διθι
524 4422 552 4479 δέ
568 4421 599 4481 τὸ
611 4423 637 4491 ἐξ
651 4423 766 4504 ἀνάγκης
779 4425 824 4484 καί
839 4426 876 4503 μή
891 4429 976 4487 ἑκοντὶ
1017 4430 1278 4510 Ἀνθρωπείως]κατά
1290 4435 1320 4494 τὸ
1333 4437 1543 4521 θφειλόμενοντῷ
1556 4444 1715 4529 ἀνθρωπείῳ
1726 4449 1796 4527 γένει,

196 4510 336 4570 ὑπακούειν
346 4509 566 4591 παροξυνομένους
580 4511 625 4568 καῖ
638 4512 857 4592 ταραττομένους,
871 4517 976 4586 τούτους
1056 4521 1127 4579 CW.
1150 4520 1273 4580 Χαλεπὸν
1288 4523 1335 4600 μὲν
1348 4526 1393 4583 καὶ
1408 4520 1532 4611 ἡμεῖς;.,]
1547 4529 1577 4588 τὸ
1592 4531 1666 4605 ἑξῆς,
1681 4536 1747 4616 πρὸς
1757 4537 1797 4595 δύ.

197 4597 343 4676 ἡγούμεθα,
355 4600 378 4655 εί
389 4597 547 4678 περιίδοιμεν
560 4601 631 4674 ἡμᾶς
646 4599 805 4680 ἐλευθέρους,
819 4603 977 4684 ἐπαρθέντας
1016 4606 1095 4684 ναμίν
1109 4631 1137 4665 τε
1152 4607 1198 4679 τήν
1209 4609 1336 4692 ὑμετέραν
1351 4613 1396 4671 καί
1410 4613 1457 4686 τήν
1473 4614 1557 4696 τύχην
1572 4621 1796 4696 ἀγωνίζεσθαι,τὸ

196 4685 339 4762 ἀλογίστως
357 4685 401 4743 καῖ
420 4684 591 4751 ἀντιστάντας
609 4687 681 4762 ἡμῖν,
697 4687 789 4753 αὐτούς
806 4713 834 4746 τε
847 4691 892 4748 καὶ
905 4696 977 4769 ἡμᾶς
1017 4692 1043 4751 δέ
1058 4722 1070 4744 «
1085 4697 1107 4752 εἴ
1120 4693 1157 4772 μή
1172 4696 1223 4754 ἀπὸ
1235 4704 1281 4755 τοῦ
1293 4699 1349 4758 ἴσον
1362 4700 1436 4759 ἔσται
1449 4702 1519 4776 υ,ύτι
1533 4705 1598 4787 πρύς
1613 4707 1742 4770 άνισόντε
1755 4711 1797 4770 καί

156 4788 183 4824 νο
197 4771 289 4840 αὐτούς
300 4775 336 4839 είς
347 4771 462 4830 κίνδυνον
476 4771 660 4843 καταστήσειν.
671 4810 710 4819 -
721 4779 769 4855 Τῷ
783 4777 919 4858 ἐλευθέρῳ]
932 4781 976 4837 ἐπὶ
1016 4780 1099 4861 τύχην
1112 4783 1157 4841 καί
1169 4783 1278 4863 δύναμιν
1291 4786 1339 4858 τὴν
1353 4789 1481 4871 ὑμετέραν
1494 4794 1685 4874 ἀγωνιζόμεθα.
1701 4835 1743 4846 —-
1752 4802 1825 4882 Τῷῑ*

196 4859 374 4941 τῇέλευθερίφι
395 4864 487 4918 αὑτῶν.
504 4895 544 4904 -
560 4863 615 4930 Τῆς
634 4863 718 4942 ἀρχῆς
732 4868 769 4944 τῷ
783 4865 976 4947 ἀναγκαίῳὴτῇ
1017 4868 1171 4943 ἐλλείποντι]
1183 4876 1215 4952 τῇ
1229 4874 1346 4956 ἀσθενείᾳ
1357 4880 1442 4953 ἡμῶν.
1452 4883 1555 4941 -Τού
1566 4883 1659 4959 άλλου]
1673 4892 1720 4946 τοῦ
1733 4888 1796 4947 κατέ

1139 4197 1192 4247 Ἐπί
1202 4200 1268 4264 ξυροῦ
1277 4201 1370 4252 ἵσταται
1380 4203 1464 4268 ἀκμῆς.

198 4948 303 5060 ἀνάφχχ
313 4954 359 5020 τῆς
373 4951 464 5028 ἀρχῆς·
477 4948 555 5025 ἡγουν
570 4950 725 5032 τῇδουλεία.
1017 4955 1126 5034 δύναμιν
1138 4960 1266 5026 ε’λλιποῧς.
1281 4997 1320 5006 -
1334 4962 1463 5045 Αἶσχύνη]
1478 4968 1510 5026 δι’
1521 4970 1660 5050 αἰσχύνην.
1675 4976 1797 5058 -Θρα·

237 5037 268 5095 C.
302 5039 389 5094 Ηπου
402 5035 501 5117 ἀρα,εί
515 5035 692 5116 τοσαύτην...]
703 5041 725 5097 εί
740 5040 812 5116 ὑμεῖς
821 5031 977 5114 τε,ῶἰίθη·
1017 5043 1248 5124 συνόμεθα]ήγουν
1263 5051 1450 5130 ἀνθιστάμεθα.

199 5129 281 5196 ναῖοι,
298 5121 412 5194 σπουδήν
429 5127 542 5183 ποιεῖσθε
561 5122 662 5194 πολλήν
676 5124 741 5207 ὑπὲρ
756 5134 800 5187 τοῦ
815 5127 853 5206 μή
869 5131 977 5212 ἀφαιρε-
1057 5135 1115 5196 CV.
1139 5134 1185 5202 Ἐς
1197 5136 1226 5195 τὸ
1239 5142 1305 5197 θεῖον
1322 5141 1459 5219 νομίσεως]
1473 5144 1598 5224 νομίσεως
1616 5150 1667 5226 μὲν
1685 5141 1742 5212 εῖπε
1755 5148 1794 5211 διδ
