3676 5828
608 325 803 406 lllSTORlAE
824 327 896 386 ΗΒ.
917 328 955 405 v,
977 340 1014 391 ιο
1029 364 1068 376 -
1083 341 1130 391 ιι.
1616 353 1669 406 ενι

59 456 91 517 τθ
107 451 304 517 Ὑακίνθια
264 477 325 522 τους
338 451 428 535 ὅρκους
445 450 641 530 ποιησομένους.
682 452 737 514 liol
753 456 778 512 oi
797 451 844 531 μὲν
874 465 949 511 tuno
959 474 1016 512 rero
1034 464 1065 513 ad
1077 464 1220 527 Hyacinthia
1232 465 1350 530 redirent
1360 472 1388 518 ut
1396 469 1565 533 jusjurandum
1577 483 1673 539 praesta·

60 540 245 622 ἄνεχωῃσαν·
894 553 954 598 rent.
988 551 1063 600 Etilli
1076 551 1306 615 quidemshiernut;

96 631 189 689 XLII.
209 625 283 687 ίνδέ
274 631 334 708 τῶ
354 623 439 707 χρόνῳ
459 624 543 706 τούτω
557 651 579 683 ω
560 616 617 683 οί
636 625 745 706 Ἀργεῖοι
763 649 846 684 ταυτα
921 640 994 687 XLII.
1011 639 1101 688 interea
1117 653 1174 689 sero
1187 640 1245 690 duan
1260 642 1341 704 Argivi
1357 643 1409 694 lame
1427 649 1544 708 tractant,
1562 651 1686 701 Lacedae-⁴

60 717 203 799 ἷκρασσον,
218 719 242 774 οἱ
252 739 276 774 π
277 714 421 796 ρέσόεις
386 738 437 773 τιον
447 684 664 790 Λακεδαιμονίων
677 713 847 820 Ἀνδρομέδης
891 725 1024 774 moniorum
1033 727 1102 788 legati
1113 728 1455 783 And1·omedesetPlraedimus
1466 738 1490 784 et
1497 737 1675 801 Anhmemdas,

59 804 103 862 καλ
117 803 255 880 Φαίδιμος
273 802 319 860 καί
334 800 522 876 Ἀντιμενίδας,
542 801 584 867 οθς
598 800 648 859 ἔδει
662 802 691 859 τθ
707 801 847 861 Πάνακτον
892 811 981 872 quibus
993 812 1131 862 mandatum
1144 819 1208 874 erat,
1227 820 1253 864 ut
1266 820 1395 867 Panactum
1407 825 1432 870 et
1442 823 1548 885 captivos
1561 838 1576 873 a
1587 827 1676 876 limotis

60 888 391 971 ααλτουςᾶνδραςτοθςπαρ
394 886 750 967 διΒοιωτῶνπαραλαόόντας
769 889 846 959 Ἀθη·
892 903 1002 960 νεωρίου
1018 900 1204 951 Atheniensibus
1223 903 1362 966 redderent
1381 909 1509 958 Panaciam
1530 912 1627 973 quidem
1645 914 1677 962 ab

60 975 140 1044 ναίοις
155 978 309 1047 ἀποδοῦναι,
291 972 419 1120 έτὸμίν
405 974 604 1034 νΙΙοίνακτον
594 975 645 1034 υπὸ
661 980 713 1033 τῶν
727 979 847 1035 Βοιωτῶν
892 999 950 1047 rpsrs
962 987 1052 1036 Boeotis
1064 1000 1174 1036 eversum
1186 989 1337 1040 offenderunt
1343 1000 1532 1059 ,eopraetextu,
1543 1000 1607 1061 quod
1619 1000 1676 1050 olam

61 1066 147 1123 αὐτῶν
161 1061 347 1144 καθῃρημένον
362 1085 373 1120 ε
392 1083 444 1141 ρον,
456 1062 501 1119 ἐπὶ
514 1061 643 1142 προφάσει
657 1065 691 1128 ὡς
703 1053 769 1133 ησοίν
784 1084 848 1120 ποτε
892 1074 954 1123 inter
964 1076 1060 1123 Bootes
1072 1082 1096 1124 et
1107 1076 1265 1126 Athenienses
1276 1083 1328 1128 orta
1340 1078 1370 1129 de
1380 1081 1421 1130 illo
1433 1085 1530 1133 castello
1542 1092 1675 1137 controver·

60 1150 208 1224 Ἀθηναίοις
220 1150 266 1209 καλ
280 1152 403 1216 Βοιωτοῖς
417 1151 447 1207 ἐκ
457 1150 585 1255 διαφορᾶς
603 1149 663 1229 περὶ
679 1151 757 1208 αὐτοῦ
776 1147 848 1230 ὅρκοι
892 1160 927 1208 sia
934 1159 1087 1222 jurejurando
1097 1163 1237 1227 interposito
1246 1167 1411 1228 convenisset,
1425 1174 1451 1217 ut
1463 1172 1541 1220 neutri
1552 1172 1576 1220 id
1586 1173 1677 1224 habita·

59 1239 171 1298 παλαιοί
178 1237 281 1316 μηδι
259 1261 341 1318 ερονς
350 1235 464 1295 οἰκειν
440 1259 469 1294 τυ
482 1235 578 1317 χοιρίον
591 1235 659 1294 atti
669 1258 741 1315 κοινη
751 1259 847 1313 νεμειν,
891 1250 958 1305 rent,
970 1248 1306 1312 sedcommunitercoleren13
1316 1253 1470 1304 rirosautem
1480 1258 1677 1323 Atheniensium,

63 1326 122 1395 τοὺς
145 1327 168 1385 δ’
184 1325 281 1406 ἄνδρας
299 1323 342 1391 οθς
355 1314 425 1403 εἶχον
446 1323 631 1430 αἰχμαλώτους
644 1323 754 1382 Βοιωτοί
772 1324 849 1396 Ἀθη·
891 1347 952 1396 quos
968 1335 1046 1385 Bmoti
1064 1336 1127 1386 bello
1142 1343 1225 1400 captos
1246 1339 1379 1402 habebant,
1399 1343 1564 1395 Andmmodes
1579 1348 1679 1412 ejusque

59 1414 152 1486 ναίων,
163 1411 363 1495 παραλαθόντες
373 1415 397 1470 oi
409 1410 505 1492 περί
481 1434 525 1469 τον
540 1409 710 1492 Ἀνδρομέδην
723 1410 848 1489 ἐκόμισαν
892 1422 989 1483 collegae
996 1424 1140 1486 receptosad
1152 1426 1308 1476 Athenienses
1316 1427 1467 1479 deluserunt
1475 1444 1503 1480 ac
1511 1433 1678 1496 reddiderunt,

63 1504 118 1570 τοῖς
131 1500 284 1571 ’Ἀθηναίοις
301 1499 349 1558 καί
370 1497 510 1570 ἀπέδοσαν,
530 1505 577 1557 τοῦ
596 1521 625 1556 τε
644 1467 786 1558 Πανόκτόυ
800 1497 847 1570 τλν
892 1515 917 1558 et
933 1511 1030 1560 Panaeti
1048 1512 1196 1562 eversionem
1210 1513 1240 1562 iis
1258 1514 1435 1577 significabant,
1456 1518 1678 1586 existimantcs,se

58 1588 216 1671 ααθαίρισιν
231 1586 364 1666 δλαγον’
335 1609 434 1659 αυτοις,
447 1584 594 1664 νομίζοντες
607 1585 652 1644 καὶ
666 1591 742 1644 τοῦτο
756 1588 848 1645 ἀποδι·
892 1597 938 1645 hoc
948 1611 1043 1661 quoque
1055 1598 1167 1660 reddere;
1175 1601 1268 1650 nullum
1278 1602 1341 1650 enim
1353 1604 1535 1655 Atheniensium
1548 1608 1642 1659 hostem
1653 1610 1679 1660 ln

59 1677 150 1739 δόνει·
162 1672 447 1754 αολίμιονγθροῦκέτι
459 1675 569 1752 ἐναῦτω
550 1672 848 1744 Ἀθηναίοιςοῖκησειν
892 1684 1035 1747 eoamplrus
1047 1686 1218 1735 habitaturum
1245 1689 1281 1749 (A)
1293 1693 1373 1747 Quum
1383 1696 1464 1741 autem
1473 1693 1525 1743 baec
1534 1693 1679 1746 dicerentur·

56 1767 167 1827 οὐδένα,
208 1767 243 1842 (al
265 1760 420 1840 Λεγομίνων
435 1759 462 1820 δὲ
477 1760 574 1819 τούτων
588 1762 669 1821 atelle
670 1762 756 1833 ηναῗοι
778 1761 848 1820 seul
894 1770 1051 1821 Athenienses
1062 1773 1166 1834 graviter
1177 1774 1370 1838 indignabantur,
1385 1779 1450 1841 quod
1465 1782 1678 1833 abscedaemoniis

56 1853 177 1924 ὀπυίων,
193 1849 341 1928 νομίζοντες
355 1850 500 1906 ἀδικεῖσθαι
515 1847 565 1905 ὑπὸ
577 1849 792 1924 Λακεδαιμονίων
803 1855 847 1908 τοῦ
893 1857 1004 1919 injuriam
1016 1859 1062 1908 sihi
1079 1860 1128 1909 heri
1138 1866 1262 1924 putarent,
1275 1878 1351 1926 quum
1360 1865 1393 1914 ob
1404 1868 1552 1918 eversionem
1564 1873 1676 1932 Panaeti,

59 1965 90 2000 τε
104 1938 249 2000 Πανάκτου
263 1941 295 2016 τῇ
315 1934 466 2015 καθαιρέσει
478 1934 493 1994 δ
512 1935 564 1993 ἔδει
585 1936 658 2015 ὀρθὸν
672 1937 848 2015 παραδοῦναι,
893 1951 958 2007 quod
967 1950 1034 1996 stans
1042 1948 1154 1997 traditum
1162 1954 1439 2016 oportuerat,tumquod
1446 1955 1678 2019 audirenteoscum

57 2028 108 2087 καί
129 2023 320 2102 πυνθανόμενοι
342 2021 383 2081 δτι
404 2023 451 2082 καλ
473 2026 596 2089 Βοιωτοῖς
620 2021 673 2102 ἰδίᾳ
697 2022 848 2103 ξυμμαχίαν
893 2034 982 2082 Bmotis
1000 2047 1096 2097 quoque
1112 2036 1250 2086 societatem
1266 2039 1377 2101 privatam
1391 2041 1492 2102 iecisse,
1505 2056 1579 2105 quum
1598 2049 1679 2096 tamen

60 2114 233 2184 πεποίηνται,
254 2110 397 2193 ρσίσκοντες
414 2109 539 2191 πρότερον
554 2114 627 2188 κοινῇ
642 2109 700 2176 τοὺς
722 2113 759 2186 μὴ
774 2112 848 2190 δεχο-
896 2126 967 2168 autea
978 2120 1096 2182 dicerent,
1115 2137 1141 2172 se
1157 2127 1316 2174 communiter
1327 2126 1454 2177 educturos
1470 2142 1527 2190 cos,
1540 2135 1582 2193 qui
1597 2131 1679 2184 Aedus

60 2201 159 2281 μένους
177 2199 224 2268 τὰς
244 2197 358 2266 σπονδθς
379 2197 616 2279 προσαναγκάσων.
665 2197 708 2257 TA
731 2220 760 2255 τε
781 2197 849 2256 ἄλλα
894 2207 996 2270 recipere
1017 2209 1112 2258 nollent.
1144 2214 1174 2260 Et
1194 2212 1288 2274 rehqua
1307 2214 1379 2263 etiam
1400 2216 1597 2279 considerabant,
1616 2233 1680 2283 qum·

61 2289 193 2350 ἰσκόπσυν
202 2287 252 2348 ὅσα
262 2286 457 2356 ἐξελελοίπεσαν
467 2290 514 2357 τῆς
525 2284 663 2357 ξυνθήκης,
673 2284 719 2343 καί
733 2285 849 2363 ἐνόμιζον
894 2307 988 2358 cunque
999 2308 1028 2345 es
1041 2302 1111 2358 pacto
1122 2312 1170 2346 non
1182 2304 1350 2361 serraverunt,
1360 2305 1384 2350 et
1401 2315 1427 2351 se
1437 2302 1520 2353 fraude
1531 2305 1679 2357 circumven-

61 2378 259 2451 ίξηπατῆσθαι,
272 2373 340 2434 ὥστε
356 2377 482 2454 χαλεπῶς
493 2373 557 2455 πρὸς
570 2374 629 2440 τοὺς
643 2371 765 2454 πρίσθεις
783 2377 850 2432 ἀπο-
895 2386 933 2431 toa
948 2383 1132 2445 existimabaut;
1151 2400 1225 2448 quare
1244 2388 1335 2450 legatos
1353 2402 1409 2438 cum
1425 2390 1544 2453 asperiore
1564 2406 1679 2458 responso

60 2466 217 2549 κρινόμενοι
230 2462 399 2543 ἀπέπεμψαν.
894 2469 1045 2520 dimiserunt.

103 2562 212 2624 XLIII.
225 2556 304 2621 Κατὰ
317 2557 438 2629 aorosia-ns
450 2555 482 2628 δὴ
495 2555 619 2638 διαρορλν
632 2556 760 2615 ὄντων
725 2580 776 2615 των
794 2562 850 2617 Λα-
927 2561 1010 2607 Xhlll
1028 2563 1109 2617 Quarrn
1121 2560 1194 2621 igitur
1205 2561 1266 2611 inter
1277 2563 1470 2614 Lacedaemonios
1486 2568 1511 2616 et
1522 2567 1679 2619 Athenienses

61 2647 238 2761 αιδαιμονίων
254 2668 319 2727 προς
332 2669 391 2711 τους
405 2644 446 2703 Ἀθ
447 2644 567 2717 ηναίονς,
582 2647 606 2703 οί
621 2646 678 2702 ἐν·
663 2647 720 2711 ταῖς
734 2643 850 2714 Ἀθηναις
896 2644 1035 2704 huiusmodi
1057 2646 1185 2696 dissidium
1205 2654 1283 2709 esset,
1306 2655 1387 2700 statam
1406 2656 1431 2701 et
1451 2652 1497 2714 rili,
1518 2668 1560 2716 qur
1580 2657 1679 2706 Athenis
1756 2635 1760 2642 ⁵

62 2726 414 2815 ιοβοιλόμινοιλῦσαιτδς
427 2730 579 2797 σπονδθς’
555 2735 598 2789 ευθ
601 2730 628 2797 *uc
585 2730 776 2789 θένίκειντο.
819 2733 848 2809 (υ)
895 2732 984 2781 loedera
994 2735 1087 2783 saliere
1096 2735 1232 2797 cupiebant
1243 2736 1392 2787 inhonorem
1403 2739 1677 2806 incumberecoeperunt.

60 2814 156 2884 Ἦσαν
171 2822 200 2880 δὲ
214 2820 290 2880 ἄλλοι
304 2842 332 2878 τε
350 2818 396 2878 καλ
413 2817 606 2890 Ἀλκιόιοίδηςθ
626 2818 761 2890 Κλεινίου,
783 2818 849 2899 ἀνὴρ
897 2820 930 2881 (A)
942 2824 1016 2869 Erant
1031 2826 1112 2870 autern
1131 2836 1205 2884 quum
1217 2824 1272 2883 ahi,
1283 2827 1334 2872 turn
1350 2826 1485 2877 Alcibiades
1500 2829 1583 2879 cliniae
1602 2830 1679 2892 filius,

60 2908 158 2989 ἡλικίᾳ
172 2907 220 2986 μίν
234 2905 270 2965 ὢν
285 2904 367 2965 ἔτι
338 2928 396 2964 τοτε
410 2904 499 2971 νίος
484 2929 521 2971 ως
535 2904 643 3016 ἐνᾶλλῃ
658 2904 751 2980 πολει,
774 2905 804 2973 ἀξ
807 2905 849 2962 ιώ·
895 2920 936 2968 qur
948 2920 1058 2969 quamvis
1068 2912 1140 2957 aetate
1152 2912 1208 2957 tunc
1220 2914 1284 2959 esset
1295 2910 1392 2960 adhuc
1382 2927 1479 2974 Jurerus
1491 2929 1535 2977 pro
1551 2917 1614 2967 alsus
1625 2931 1678 2981 qur

62 3021 132 3077 ματι
148 2995 178 3055 δὲ
194 2993 333 3106 προχόνων
353 2991 546 3101 τιμώμενος
533 2982 555 3049 ὧ
577 2991 660 3049 ἐδόκει
681 2991 762 3050 καὶ
745 3017 849 3069 αμεινυν
895 2993 950 3042 dem
961 2994 1065 3044 cristatis
1077 2998 1202 3055 rustrtnto
1213 3000 1295 3046 tamen
1304 3003 1399 3060 propter
1409 3013 1527 3062 marorum
1539 3002 1679 3064 dignitatem

61 3076 132 3144 εἶναι
156 3083 221 3166 πρὸς
233 3081 293 3149 τοθς
311 3079 441 3162 Ἀργείους
465 3049 565 3155 μᾶλλόν
586 3088 695 3158 χωρεῖν,
711 3083 740 3137 οὐ
763 3079 850 3156 μέντοι
896 3082 1068 3143 honorabatur;
1088 3085 1126 3133 cui
1147 3084 1271 3134 ridebatur
1285 3085 1383 3147 quidem
1398 3089 1470 3138 etiam
1488 3090 1563 3139 satius
1577 3104 1631 3142 esse
1647 3093 1678 3141 ad

63 3171 195 3232 ἀλλὰκαὶ
208 3167 357 3253 φρονήματι
371 3169 700 3249 φιλονεικῶνήναντιουτο,
712 3165 752 3226 ότι
764 3173 851 3227 Aeze—
896 3171 995 3231 Argivos
1015 3172 1095 3234 potius
1118 3173 1245 3232 accedere,
1264 3175 1308 3222 sed
1326 3179 1406 3225 tamen
1424 3177 1498 3225 etiam
1520 3179 1679 3228 contentionis

63 3257 253 3338 δαιμόνιοιθια
272 3255 366 3318 Νικίου
382 3254 429 3313 καί
443 3253 595 3333 Λάχητος
580 3253 695 3333 επραξαν
709 3254 755 3320 τὰς
769 3277 849 3312 σπον-
896 3257 976 3307 studio
982 3258 1323 3321 ,quodelatoessetanimo‚
1335 3243 1515 3324 adaersahatur,
1528 3265 1593 3327 quod
1606 3269 1679 3315 Lsee-

65 3346 128 3419 δός,
142 3345 222 3406 αὐτὸν
233 3345 303 3404 κατά
317 3367 346 3402 τε
363 3339 466 3414 τλν’
424 3365 533 3413 νισι-ιτα
546 3341 708 3422 ὑπεριδόντες
724 3365 769 3399 και
760 3341 851 3400 κατὰ
896 3345 1007 3394 daemonii
1025 3360 1068 3408 per
1084 3347 1175 3395 Niciam
1193 3352 1217 3396 et
1236 3348 1364 3397 Lachetem
1378 3349 1467 3399 ledere
1484 3351 1609 3414 iecissent,
1626 3353 1679 3416 ipso

64 3433 114 3505 τλν
128 3429 247 3491 παλαιθν
266 3428 403 3511 προξενίαν
417 3428 481 3487 ποτὲ
495 3421 575 3487 οὖσαν
590 3430 618 3486 οὐ
636 3427 805 3499 τιμήσαντες,
819 3430 851 3501 ἣν
896 3439 992 3496 propter
1003 3434 1188 3484 adolescentiam
1200 3441 1350 3495 contempto.
1361 3450 1405 3485 nec
1420 3438 1501 3487 habito
1512 3440 1534 3488 ei
1546 3440 1636 3491 honore
1647 3454 1676 3491 en

65 3525 112 3579 τοῦ
121 3519 235 3578 πάππον
250 3516 405 3583 ἀπειπόντος
416 3516 493 3582 αὐτὸς
505 3515 563 3583 τοὺς
576 3519 606 3574 ἐκ
616 3519 662 3586 τῆς
676 3515 755 3585 νήσου
768 3521 852 3576 αὐτῶν
897 3521 984 3571 veteris
996 3522 1095 3584 hospitii
1105 3522 1194 3584 publici
1203 3523 1265 3583 jure,
1277 3523 1427 3586 quodquam
1439 3538 1491 3587 eran
1503 3539 1564 3576 esus
1573 3528 1680 3579 lacedae-

67 3606 253 3688 αἶῃααλόιισνς
266 3603 416 3684 θεραπεύων
431 3605 553 3663 διενοεῖτο
569 3603 777 3666 ἀνανεώσασθαι.
818 3608 852 3686 (υ)
897 3609 983 3657 moniis
994 3610 1167 3670 renuntiasset,
1180 3611 1231 3671 inse
1242 3610 1336 3659 illorum
1349 3612 1457 3674 captivos
1466 3627 1497 3662 es
1507 3613 1584 3662 insula
1595 3614 1678 3664 officiis

68 3693 240 3773 Πανταχόθεν
254 3715 283 3751 τε
297 3690 406 3768 νομίζων
419 3693 592 3750 ἐλασσοῦσθαι
606 3692 636 3749 τό
647 3714 676 3749 τε
688 3694 790 3772 πρῶτον
804 3694 852 3749 ἀν·
898 3709 1043 3759 prosequens
1053 3709 1165 3747 renovare
1177 3697 1296 3758 cogitabat
1338 3699 1372 3760 (3)
1385 3704 1463 3762 Atque
1474 3701 1581 3763 undique
1594 3702 1640 3751 sihi
1650 3702 1680 3753 de

67 3784 166 3855 αῑπνν,
177 3782 207 3840 οὗ
220 3778 341 3859 βιὸαίυυς
350 3777 457 3858 ρᾶοκων
470 3769 536 3836 εἶναι
546 3778 778 3856 Λακεδαιμονίους,
795 3783 851 3839 ἀλλ’
897 3797 941 3831 suo
950 3785 1004 3844 jure
1016 3783 1108 3833 detrahi
1119 3789 1251 3847 putans,et
1266 3785 1333 3834 initio
1341 3786 1529 3837 Lacedaemoniis
1538 3789 1681 3850 intercessit

68 3870 110 3930 ίνα
124 3869 255 3951 Ἀργείους
268 3866 342 3950 σρίσι
356 3868 525 3944 σπεισάμενοι
540 3866 646 3935 ἐξελωσι
664 3868 709 3926 καλ
728 3859 799 3937 αὖθις
812 3872 853 3927 ἐπ’
897 3870 1031 3931 affirmans,
1043 3871 1097 3920 illos
1109 3885 1156 3919 non
1169 3885 1222 3921 esso
1238 3871 1293 3921 lidei
1304 3878 1396 3933 certos,
1409 3874 1452 3924 sed
1463 3888 1519 3935 eos,
1532 3879 1559 3923 ut
1574 3876 1633 3925 inito
1644 3889 1677 3927 se·

70 3958 221 4031 Ἀθηναίους
239 3956 332 4033 μόνους
346 3954 418 4025 ἴωσι,
436 3952 529 4011 τούτου
546 3976 620 4011 ενεκα
640 3953 765 4013 σπένδεσθ
752 3960 795 4013 θαι
810 3958 854 4014 αυ-
898 3972 954 4006 cum
967 3958 1055 4009 foedele
1066 3964 1167 4021 Argilos
1178 3965 1301 4019 evertant,
1316 3966 1340 4009 ei
1352 3968 1436 4024 postea
1446 3962 1604 4014 Athenienses
1616 3967 1679 4015 θοίον

69 4069 139 4113 ,ως
157 4043 254 4104 ml
223 4066 297 4114 m,
313 4039 436 4111 ξπννδὴν,
457 4039 599 4120 δινφυρλ’
587 4040 738 4118 εγιρένηνυ,
753 4055 786 4101 πε
789 4067 856 4120 nrm
897 4045 1043 4105 adoriantur,
1056 4046 1100 4094 hac
1111 4046 1141 4095 de
1153 4060 1225 4096 causa
1238 4047 1315 4096 loedus
1325 4049 1450 4108 t'acere3et
1462 4053 1532 4110 tuac,
1545 4064 1621 4112 quum
1634 4053 1679 4103 hoc

70 4131 178 4198 ιθθθςίς
188 4129 282 4210 Ἄργος
296 4129 349 4186 ἰδία
367 4127 509 4187 κελεύων(
495 4152 530 4192 ως
547 4126 661 4205 τάχιστα
676 4128 719 4186 ἐπι
731 4127 779 4200 τὴν
793 4130 854 4204 ξυμ.
898 4132 1024 4182 dissidium
1041 4139 1151 4183 exortum
1167 4138 1231 4194 erat,
1245 4135 1368 4184 mniestim
1383 4140 1458 4196 Argos
1475 4137 1588 4199 privatim
1600 4139 1678 4197 misit,

71 4217 170 4298 μαχίοιν
193 4188 422 4298 προκαλουμένους
442 4213 515 4285 ἥκειν
539 4215 604 4289 μετὰ
630 4214 782 4274 Μαντινέων
808 4224 853 4274 χαλ
898 4222 1011 4282 hortans,
1025 4225 1051 4269 ut
1067 4234 1140 4283 quam
1158 4221 1279 4271 celerrime
1291 4235 1346 4269 cunr
1363 4223 1489 4272 hlautineis
1502 4229 1524 4272 et
1541 4224 1605 4273 Eleis
1617 4222 1678 4273 veui

71 4306 193 4378 Ἠλείων,
204 4308 240 4371 ὡς
253 4308 345 4383 καιροῦ
355 4301 426 4369 ὄντος
436 4305 481 4360 καί
493 4301 569 4367 αὐτὸς
583 4300 738 4382 ξυμπροίξων
751 4301 784 4361 τδι
799 4304 853 4364 μοί-
898 4314 963 4368 rent,
977 4308 1135 4358 Athenienses
1147 4308 1175 4356 ad
1187 4308 1325 4357 societmem
1333 4311 1498 4370 provocaturi.
1508 4311 1572 4371 quod
1585 4314 1679 4374 empus

70 4396 156 4453 Im,
898 4400 961 4446 esset
973 4400 1147 4458 opportunum,
1158 4408 1232 4457 seque
1244 4395 1419 4444 studiosissime
1430 4395 1488 4457 ipsis
1500 4396 1648 4446 adiuturum.

108 4488 213 4551 xle.
235 4489 270 4546 Οἱ
285 4484 312 4544 δὲ
325 4485 435 4565 Ἀργεῖοι
450 4483 607 4550 ἀκούσαντες
620 4486 665 4553 τῆς
678 4506 705 4540 τε
722 4483 852 4561 ἆγρελιας,
928 4486 1013 4532 Ale.
1030 4483 1108 4544 Argivi
1126 4487 1204 4531 autern
1224 4482 1306 4530 audito
1321 4483 1366 4531 hoc
1380 4483 1476 4542 nuntio,
1496 4489 1520 4532 et
1533 4484 1630 4546 quando
1642 4496 1676 4533 co

69 4577 115 4637 καλ
131 4572 223 4645 berth
236 4573 353 4650 ἔγνωσαν
365 4575 393 4631 σθ
407 4575 464 4649 μετ’
476 4570 618 4643 Ἀθηναίων
629 4575 792 4650 πραχθεῖσιν
806 4570 851 4643 τὴν
899 4575 1042 4632 gnorerant,
1058 4583 1105 4618 non
1119 4582 1175 4618 cunr
1193 4569 1377 4618 Atheniensibus
1392 4574 1530 4619 societatem
1542 4573 1679 4621 nostorum

70 4668 121 4723 τῶν
137 4665 263 4724 Βοωιτῶν
283 4660 444 4739 ξυμμαχίαν,
465 4661 522 4719 ἀλλ’
541 4662 566 4724 ἐς
589 4659 713 4740 διαρυρλν
736 4662 853 4737 μεγάλην
898 4671 951 4708 esse
961 4656 1148 4717 iactam,sedin
1157 4670 1267 4718 magnam
1277 4656 1450 4706 dissensionem
1459 4669 1563 4706 eoscum
1571 4656 1678 4706 Lacedae·

69 4754 239 4815 ααθιστωτας
264 4749 357 4815 αὐτους
375 4749 439 4828 πρὸς
465 4748 523 4815 τοὺς
545 4745 775 4825 Λακεδαιμονίους,
801 4751 852 4806 τῶν
898 4759 985 4795 monus
996 4744 1135 4804 devenisse
1146 4757 1203 4794 suos
1214 4743 1311 4807 quidem
1328 4743 1433 4805 legatos,
1446 4743 1487 4806 qui
1500 4749 1556 4792 tunc
1566 4742 1626 4792 sorte
1637 4744 1679 4793 ire·

67 4844 117 4918 μὲν
131 4835 508 4918 ἒνΛακεδαίμονιπρίσθεων,
520 4835 602 4895 σί’
557 4859 627 4914 σρισι
641 4835 745 4916 περί
712 4859 761 4893 τινι
774 4857 854 4893 σπον-
898 4834 961 4883 derra
971 4846 1042 4882 causa
1051 4833 1164 4892 aberant
1176 4845 1224 4881 nou
1233 4831 1362 4889 curabant
1372 4831 1414 4878 sod
1428 4829 1459 4878 ad
1468 4830 1624 4879 Athenienses
1638 4844 1679 4893 po

66 4930 120 4987 θῶν
134 4926 230 5006 ἔτυχον
242 4923 535 5002 ααόντες,ἠμέλουν,
515 4925 579 5005 πρὸς
592 4921 688 4990 δὲιυυς
706 4923 854 4995 Ἀθηναίους
897 4925 946 4972 trus
956 4934 1062 4970 mansum
1071 4920 1240 4978 advertebant
1250 4921 1415 4969 existimantes
1425 4917 1559 4978 caritatem
1567 4931 1623 4967 cum
1631 4931 1679 4981 qua

65 5017 171 5094 μᾶλλον
185 5012 386 5092 τλνγνώμηνε
383 5003 455 5093 ἷχον,
471 5011 617 5091 νομίζοντες
635 5010 711 5071 πολιν
731 5033 760 5070 τε
780 5011 852 5091 σρίσι
898 5010 944 5061 sibi
963 5015 1034 5060 retus
1051 5009 1154 5060 amicitia
1170 5006 1340 5067 intercederet,
1361 5011 1457 5068 etque
1477 5005 1585 5070 populari
1601 5008 1679 5069 atsto,
