<?xml version="1.0" encoding="UTF-8"?>
<!DOCTYPE html PUBLIC "-//W3C//DTD XHTML 1.0 Transitional//EN"
    "http://www.w3.org/TR/xhtml1/DTD/xhtml1-transitional.dtd">
<html xmlns="http://www.w3.org/1999/xhtml" xml:lang="en" lang="en">
 <head>
  <title>
</title>
<meta http-equiv="Content-Type" content="text/html;charset=utf-8" />
  <meta name='ocr-system' content='tesseract 3.04.00' />
  <meta name='ocr-capabilities' content='ocr_page ocr_carea ocr_par ocr_line ocrx_word'/>
</head>
<body>
  <div class='ocr_page' id='page_1' title='image "./historiabellipe00thucgoog/historiabellipe00thucgoog_0199.png"; bbox 0 0 3676 5828; ppageno 0'>
   <div class='ocr_carea' id='block_1_1' title="bbox 626 341 1694 420">
    <p class='ocr_par' dir='ltr' id='par_1_1' title="bbox 626 341 1694 420">
     <span class='ocr_line' id='line_1_1' title="bbox 626 341 1694 420; baseline 0.007 -16"><span class='ocrx_word' id='word_1_1' title='bbox 626 345 820 406; x_wconf 76' lang='lat' dir='ltr'><strong>nrssomm</strong></span> <span class='ocrx_word' id='word_1_2' title='bbox 841 341 914 401; x_wconf 85' lang='lat' dir='ltr'><strong>nm.</strong></span> <span class='ocrx_word' id='word_1_3' title='bbox 937 343 990 420; x_wconf 82' lang='grc' dir='ltr'><strong>ιν,</strong></span> <span class='ocrx_word' id='word_1_4' title='bbox 1014 356 1099 405; x_wconf 68' lang='grc' dir='ltr'><strong>αι-</strong></span> <span class='ocrx_word' id='word_1_5' title='bbox 1113 359 1157 406; x_wconf 81' lang='grc' dir='ltr'><strong>ιι.</strong></span> <span class='ocrx_word' id='word_1_6' title='bbox 1642 361 1694 413; x_wconf 78' lang='grc' dir='ltr'><strong>ιιι</strong></span> 
     </span>
    </p>
   </div>
   <div class='ocr_carea' id='block_1_2' title="bbox 120 473 1699 913">
    <p class='ocr_par' dir='ltr' id='par_1_2' title="bbox 120 473 1699 913">
     <span class='ocr_line' id='line_1_2' title="bbox 120 473 1698 558; baseline 0.001 -22"><span class='ocrx_word' id='word_1_7' title='bbox 120 485 186 550; x_wconf 67' lang='grc' dir='ltr'>ξῆνος,</span> <span class='ocrx_word' id='word_1_8' title='bbox 204 478 244 536; x_wconf 84' lang='grc' dir='ltr'><strong>καί</strong></span> <span class='ocrx_word' id='word_1_9' title='bbox 265 476 440 544; x_wconf 79' lang='grc' dir='ltr'>αἰπολαόόντες</span> <span class='ocrx_word' id='word_1_10' title='bbox 464 478 507 536; x_wconf 80' lang='grc' dir='ltr'><strong>τὸν</strong></span> <span class='ocrx_word' id='word_1_11' title='bbox 527 481 574 550; x_wconf 83' lang='grc' dir='ltr'><strong>τῆς</strong></span> <span class='ocrx_word' id='word_1_12' title='bbox 593 475 754 558; x_wconf 72' lang='grc' dir='ltr'>χερσονήσου</span> <span class='ocrx_word' id='word_1_13' title='bbox 776 473 868 551; x_wconf 85' lang='grc' dir='ltr'>ίσθμδν</span> <span class='ocrx_word' id='word_1_14' title='bbox 911 484 937 530; x_wconf 85' lang='lat' dir='ltr'><strong>ct</strong></span> <span class='ocrx_word' id='word_1_15' title='bbox 953 482 1089 533; x_wconf 79' lang='lat' dir='ltr'><strong>chersonesi</strong></span> <span class='ocrx_word' id='word_1_16' title='bbox 1107 484 1236 545; x_wconf 82' lang='lat' dir='ltr'><strong>isthmum,</strong></span> <span class='ocrx_word' id='word_1_17' title='bbox 1251 485 1275 534; x_wconf 88' lang='lat' dir='ltr'><strong>in</strong></span> <span class='ocrx_word' id='word_1_18' title='bbox 1291 499 1339 549; x_wconf 96' lang='lat' dir='ltr'><strong>quo</strong></span> <span class='ocrx_word' id='word_1_19' title='bbox 1359 491 1397 536; x_wconf 89' lang='lat' dir='ltr'><strong>est</strong></span> <span class='ocrx_word' id='word_1_20' title='bbox 1413 487 1536 549; x_wconf 87' lang='lat' dir='ltr'><strong>hletlrone,</strong></span> <span class='ocrx_word' id='word_1_21' title='bbox 1551 488 1582 536; x_wconf 87' lang='lat' dir='ltr'><strong>ah</strong></span> <span class='ocrx_word' id='word_1_22' title='bbox 1598 493 1698 550; x_wconf 80' lang='lat' dir='ltr'><strong>nunqua</strong></span> 
     </span>
     <span class='ocr_line' id='line_1_3' title="bbox 123 558 1697 648; baseline -0.001 -22"><span class='ocrx_word' id='word_1_23' title='bbox 123 568 230 647; x_wconf 81' lang='grc' dir='ltr'>ἐτείχισαν,</span> <span class='ocrx_word' id='word_1_24' title='bbox 244 568 271 624; x_wconf 79' lang='grc' dir='ltr'>ἐν</span> <span class='ocrx_word' id='word_1_25' title='bbox 280 558 302 648; x_wconf 75' lang='grc' dir='ltr'><strong>ᾧ</strong></span> <span class='ocrx_word' id='word_1_26' title='bbox 312 571 329 639; x_wconf 83' lang='grc' dir='ltr'>ἡ</span> <span class='ocrx_word' id='word_1_27' title='bbox 340 564 451 638; x_wconf 81' lang='grc' dir='ltr'>Μεθώνη</span> <span class='ocrx_word' id='word_1_28' title='bbox 463 565 533 638; x_wconf 85' lang='grc' dir='ltr'>ἐστί,</span> <span class='ocrx_word' id='word_1_29' title='bbox 545 566 590 624; x_wconf 81' lang='grc' dir='ltr'><strong>καί</strong></span> <span class='ocrx_word' id='word_1_30' title='bbox 603 564 722 647; x_wconf 82' lang='grc' dir='ltr'>φρούριον</span> <span class='ocrx_word' id='word_1_31' title='bbox 735 585 869 634; x_wconf 76' lang='lat' dir='ltr'><strong>aoruca-q-</strong></span> <span class='ocrx_word' id='word_1_32' title='bbox 913 569 1000 619; x_wconf 82' lang='lat' dir='ltr'><strong>littoris</strong></span> <span class='ocrx_word' id='word_1_33' title='bbox 1010 577 1078 634; x_wconf 88' lang='lat' dir='ltr'><strong>parte</strong></span> <span class='ocrx_word' id='word_1_34' title='bbox 1094 573 1212 636; x_wconf 75' lang='lat' dir='ltr'><strong>complexi</strong></span> <span class='ocrx_word' id='word_1_35' title='bbox 1227 587 1296 623; x_wconf 88' lang='lat' dir='ltr'><strong>muro</strong></span> <span class='ocrx_word' id='word_1_36' title='bbox 1307 575 1433 624; x_wconf 80' lang='lat' dir='ltr'><strong>cinxerunt</strong></span> <span class='ocrx_word' id='word_1_37' title='bbox 1447 576 1606 639; x_wconf 85' lang='lat' dir='ltr'><strong>impositoque</strong></span> <span class='ocrx_word' id='word_1_38' title='bbox 1617 577 1697 640; x_wconf 80' lang='lat' dir='ltr'><strong>praesi-</strong></span> 
     </span>
     <span class='ocr_line' id='line_1_4' title="bbox 124 652 1698 736; baseline 0.001 -23"><span class='ocrx_word' id='word_1_39' title='bbox 124 653 345 734; x_wconf 79' lang='grc' dir='ltr'>οάμιναιίλήστευσν</span> <span class='ocrx_word' id='word_1_40' title='bbox 354 654 398 714; x_wconf 87' lang='grc' dir='ltr'><strong>τδν</strong></span> <span class='ocrx_word' id='word_1_41' title='bbox 410 654 501 714; x_wconf 80' lang='grc' dir='ltr'>ἔπειτα</span> <span class='ocrx_word' id='word_1_42' title='bbox 512 654 604 736; x_wconf 84' lang='grc' dir='ltr'>χρόνον</span> <span class='ocrx_word' id='word_1_43' title='bbox 614 653 662 725; x_wconf 79' lang='grc' dir='ltr'><strong>τήν</strong></span> <span class='ocrx_word' id='word_1_44' title='bbox 674 677 702 712; x_wconf 89' lang='grc' dir='ltr'><strong>τε</strong></span> <span class='ocrx_word' id='word_1_45' title='bbox 713 652 868 734; x_wconf 74' lang='grc' dir='ltr'>Τροιζηνίαν</span> <span class='ocrx_word' id='word_1_46' title='bbox 913 657 953 708; x_wconf 89' lang='lat' dir='ltr'><strong>dio</strong></span> <span class='ocrx_word' id='word_1_47' title='bbox 964 664 1048 722; x_wconf 87' lang='lat' dir='ltr'><strong>postca</strong></span> <span class='ocrx_word' id='word_1_48' title='bbox 1059 661 1210 710; x_wconf 84' lang='lat' dir='ltr'><strong>Troezenium</strong></span> <span class='ocrx_word' id='word_1_49' title='bbox 1222 667 1245 711; x_wconf 90' lang='lat' dir='ltr'><strong>et</strong></span> <span class='ocrx_word' id='word_1_50' title='bbox 1261 661 1395 712; x_wconf 89' lang='lat' dir='ltr'><strong>lialicnsem</strong></span> <span class='ocrx_word' id='word_1_51' title='bbox 1407 668 1430 713; x_wconf 92' lang='lat' dir='ltr'><strong>et</strong></span> <span class='ocrx_word' id='word_1_52' title='bbox 1444 664 1600 727; x_wconf 78' lang='lat' dir='ltr'><strong>Epidaurium</strong></span> <span class='ocrx_word' id='word_1_53' title='bbox 1614 678 1698 727; x_wconf 73' lang='lat' dir='ltr'><strong>agrurn</strong></span> 
     </span>
     <span class='ocr_line' id='line_1_5' title="bbox 124 740 1699 826; baseline 0 -24"><span class='ocrx_word' id='word_1_54' title='bbox 124 743 206 821; x_wconf 66' lang='grc' dir='ltr'>γῆνκαὶ</span> <span class='ocrx_word' id='word_1_55' title='bbox 223 743 330 803; x_wconf 75' lang='grc' dir='ltr'>Ἀλιάδα</span> <span class='ocrx_word' id='word_1_56' title='bbox 344 743 390 803; x_wconf 84' lang='grc' dir='ltr'><strong>καί</strong></span> <span class='ocrx_word' id='word_1_57' title='bbox 409 744 590 826; x_wconf 76' lang='grc' dir='ltr'>Ἐπιδαυρίαν.</span> <span class='ocrx_word' id='word_1_58' title='bbox 633 744 698 810; x_wconf 87' lang='grc' dir='ltr'>Ταῖς</span> <span class='ocrx_word' id='word_1_59' title='bbox 717 741 744 801; x_wconf 80' lang='grc' dir='ltr'>δὲ</span> <span class='ocrx_word' id='word_1_60' title='bbox 768 740 869 815; x_wconf 89' lang='grc' dir='ltr'>ναυσίν,</span> <span class='ocrx_word' id='word_1_61' title='bbox 913 747 1042 797; x_wconf 78' lang='lat' dir='ltr'><strong>latrociniis</strong></span> <span class='ocrx_word' id='word_1_62' title='bbox 1058 748 1207 798; x_wconf 75' lang='lat' dir='ltr'><strong>infestabant</strong></span> <span class='ocrx_word' id='word_1_63' title='bbox 1224 750 1332 799; x_wconf 81' lang='lat' dir='ltr'><strong>Navibus</strong></span> <span class='ocrx_word' id='word_1_64' title='bbox 1348 754 1428 800; x_wconf 86' lang='lat' dir='ltr'><strong>sulem</strong></span> <span class='ocrx_word' id='word_1_65' title='bbox 1444 756 1572 815; x_wconf 86' lang='lat' dir='ltr'><strong>postquam</strong></span> <span class='ocrx_word' id='word_1_66' title='bbox 1588 752 1699 802; x_wconf 87' lang='lat' dir='ltr'><strong>absoluto</strong></span> 
     </span>
     <span class='ocr_line' id='line_1_6' title="bbox 125 830 1580 913; baseline 0.001 -25"><span class='ocrx_word' id='word_1_67' title='bbox 125 830 186 900; x_wconf 77' lang='grc' dir='ltr'>ίκιιδή</span> <span class='ocrx_word' id='word_1_68' title='bbox 199 830 352 910; x_wconf 81' lang='grc' dir='ltr'>ίξετείχισαν</span> <span class='ocrx_word' id='word_1_69' title='bbox 365 836 395 891; x_wconf 85' lang='grc' dir='ltr'><strong>τὸ</strong></span> <span class='ocrx_word' id='word_1_70' title='bbox 408 832 512 913; x_wconf 79' lang='grc' dir='ltr'>χωρίον,</span> <span class='ocrx_word' id='word_1_71' title='bbox 527 832 696 892; x_wconf 79' lang='grc' dir='ltr'>ἀπέπλευσαν</span> <span class='ocrx_word' id='word_1_72' title='bbox 709 832 750 890; x_wconf 86' lang='grc' dir='ltr'><strong>ἐπ’</strong></span> <span class='ocrx_word' id='word_1_73' title='bbox 762 830 843 890; x_wconf 82' lang='grc' dir='ltr'>οἴκου.</span> <span class='ocrx_word' id='word_1_74' title='bbox 915 849 985 885; x_wconf 89' lang='lat' dir='ltr'><strong>muro</strong></span> <span class='ocrx_word' id='word_1_75' title='bbox 995 835 1073 885; x_wconf 92' lang='lat' dir='ltr'><strong>locum</strong></span> <span class='ocrx_word' id='word_1_76' title='bbox 1083 836 1151 886; x_wconf 88' lang='lat' dir='ltr'><strong>illum</strong></span> <span class='ocrx_word' id='word_1_77' title='bbox 1161 837 1330 898; x_wconf 83' lang='lat' dir='ltr'><strong>muniverunt,</strong></span> <span class='ocrx_word' id='word_1_78' title='bbox 1343 838 1442 889; x_wconf 89' lang='lat' dir='ltr'><strong>domum</strong></span> <span class='ocrx_word' id='word_1_79' title='bbox 1452 839 1580 890; x_wconf 88' lang='lat' dir='ltr'><strong>redierunt.</strong></span> 
     </span>
    </p>
   </div>
   <div class='ocr_carea' id='block_1_3' title="bbox 112 918 1706 4789">
    <p class='ocr_par' dir='ltr' id='par_1_3' title="bbox 122 918 1705 2927">
     <span class='ocr_line' id='line_1_7' title="bbox 150 918 1698 1000; baseline 0.002 -20"><span class='ocrx_word' id='word_1_80' title='bbox 150 920 231 980; x_wconf 81' lang='lat' dir='ltr'><strong>llll.</strong></span> <span class='ocrx_word' id='word_1_81' title='bbox 253 919 332 980; x_wconf 82' lang='grc' dir='ltr'>Κατδ</span> <span class='ocrx_word' id='word_1_82' title='bbox 347 919 374 978; x_wconf 76' lang='grc' dir='ltr'>δὲ</span> <span class='ocrx_word' id='word_1_83' title='bbox 387 921 431 979; x_wconf 74' lang='grc' dir='ltr'><strong>τόν</strong></span> <span class='ocrx_word' id='word_1_84' title='bbox 448 921 524 980; x_wconf 85' lang='grc' dir='ltr'>αὐτὸν</span> <span class='ocrx_word' id='word_1_85' title='bbox 536 921 627 1000; x_wconf 87' lang='grc' dir='ltr'>χρόνον</span> <span class='ocrx_word' id='word_1_86' title='bbox 640 925 725 979; x_wconf 84' lang='grc' dir='ltr'>ταῦτα</span> <span class='ocrx_word' id='word_1_87' title='bbox 742 918 870 998; x_wconf 81' lang='grc' dir='ltr'>ἐγίγνετο,</span> <span class='ocrx_word' id='word_1_88' title='bbox 946 936 1030 983; x_wconf 78' lang='lat' dir='ltr'><strong>llbvl.</strong></span> <span class='ocrx_word' id='word_1_89' title='bbox 1049 935 1094 981; x_wconf 72' lang='lat' dir='ltr'><strong>l‘or</strong></span> <span class='ocrx_word' id='word_1_90' title='bbox 1114 933 1179 982; x_wconf 90' lang='lat' dir='ltr'><strong>idem</strong></span> <span class='ocrx_word' id='word_1_91' title='bbox 1198 938 1307 997; x_wconf 85' lang='lat' dir='ltr'><strong>ternpus,</strong></span> <span class='ocrx_word' id='word_1_92' title='bbox 1325 948 1373 996; x_wconf 91' lang='lat' dir='ltr'><strong>quo</strong></span> <span class='ocrx_word' id='word_1_93' title='bbox 1389 934 1441 983; x_wconf 83' lang='grc' dir='ltr'>Ιιωε</span> <span class='ocrx_word' id='word_1_94' title='bbox 1457 934 1609 997; x_wconf 77' lang='lat' dir='ltr'><strong>gerebantur,</strong></span> <span class='ocrx_word' id='word_1_95' title='bbox 1627 934 1698 983; x_wconf 85' lang='lat' dir='ltr'><strong>etiam</strong></span> 
     </span>
     <span class='ocr_line' id='line_1_8' title="bbox 123 1007 1700 1091; baseline 0.001 -25"><span class='ocrx_word' id='word_1_96' title='bbox 123 1008 154 1066; x_wconf 87' lang='grc' dir='ltr'><strong>καί</strong></span> <span class='ocrx_word' id='word_1_97' title='bbox 168 1007 315 1089; x_wconf 75' lang='grc' dir='ltr'>Εὐρυμέδων</span> <span class='ocrx_word' id='word_1_98' title='bbox 332 1008 378 1067; x_wconf 84' lang='grc' dir='ltr'><strong>καὶ</strong></span> <span class='ocrx_word' id='word_1_99' title='bbox 396 1011 544 1091; x_wconf 80' lang='grc' dir='ltr'>Σαροκλῆς,</span> <span class='ocrx_word' id='word_1_100' title='bbox 566 1008 656 1080; x_wconf 80' lang='grc' dir='ltr'>ἐπειδὴ</span> <span class='ocrx_word' id='word_1_101' title='bbox 673 1011 704 1067; x_wconf 83' lang='grc' dir='ltr'>ἐκ</span> <span class='ocrx_word' id='word_1_102' title='bbox 720 1013 766 1079; x_wconf 78' lang='grc' dir='ltr'><strong>τῆς</strong></span> <span class='ocrx_word' id='word_1_103' title='bbox 780 1007 870 1068; x_wconf 80' lang='grc' dir='ltr'>Πύλου</span> <span class='ocrx_word' id='word_1_104' title='bbox 915 1020 1068 1082; x_wconf 82' lang='lat' dir='ltr'><strong>Eurymedon</strong></span> <span class='ocrx_word' id='word_1_105' title='bbox 1077 1024 1102 1069; x_wconf 89' lang='lat' dir='ltr'><strong>et</strong></span> <span class='ocrx_word' id='word_1_106' title='bbox 1118 1021 1260 1083; x_wconf 88' lang='lat' dir='ltr'><strong>Sophocles,</strong></span> <span class='ocrx_word' id='word_1_107' title='bbox 1281 1021 1348 1084; x_wconf 84' lang='lat' dir='ltr'><strong>quie</strong></span> <span class='ocrx_word' id='word_1_108' title='bbox 1368 1021 1428 1084; x_wconf 77' lang='lat' dir='ltr'><strong>Pylo</strong></span> <span class='ocrx_word' id='word_1_109' title='bbox 1446 1035 1501 1071; x_wconf 91' lang='lat' dir='ltr'><strong>cum</strong></span> <span class='ocrx_word' id='word_1_110' title='bbox 1518 1021 1700 1071; x_wconf 75' lang='lat' dir='ltr'><strong>Atheniensium</strong></span> 
     </span>
     <span class='ocr_line' id='line_1_9' title="bbox 123 1094 1700 1176; baseline 0.002 -23"><span class='ocrx_word' id='word_1_111' title='bbox 123 1099 199 1175; x_wconf 68' lang='grc' dir='ltr'>ἐπῆραν</span> <span class='ocrx_word' id='word_1_112' title='bbox 212 1099 236 1163; x_wconf 85' lang='grc' dir='ltr'>ἐς</span> <span class='ocrx_word' id='word_1_113' title='bbox 249 1095 298 1167; x_wconf 77' lang='grc' dir='ltr'><strong>τλν</strong></span> <span class='ocrx_word' id='word_1_114' title='bbox 315 1097 438 1156; x_wconf 82' lang='grc' dir='ltr'>Σικελίαν</span> <span class='ocrx_word' id='word_1_115' title='bbox 449 1097 540 1156; x_wconf 85' lang='grc' dir='ltr'>ναυσίν</span> <span class='ocrx_word' id='word_1_116' title='bbox 554 1097 705 1168; x_wconf 72' lang='grc' dir='ltr'>Ἀθηναίων,</span> <span class='ocrx_word' id='word_1_117' title='bbox 718 1094 870 1176; x_wconf 73' lang='grc' dir='ltr'>ἀφικόμενοι</span> <span class='ocrx_word' id='word_1_118' title='bbox 916 1108 993 1158; x_wconf 87' lang='lat' dir='ltr'><strong>classe</strong></span> <span class='ocrx_word' id='word_1_119' title='bbox 1005 1108 1028 1157; x_wconf 88' lang='lat' dir='ltr'><strong>in</strong></span> <span class='ocrx_word' id='word_1_120' title='bbox 1040 1108 1143 1158; x_wconf 84' lang='lat' dir='ltr'><strong>siciliam</strong></span> <span class='ocrx_word' id='word_1_121' title='bbox 1160 1108 1379 1171; x_wconf 78' lang='lat' dir='ltr'><strong>proficiscebantur,</strong></span> <span class='ocrx_word' id='word_1_122' title='bbox 1391 1121 1467 1172; x_wconf 90' lang='lat' dir='ltr'><strong>quum</strong></span> <span class='ocrx_word' id='word_1_123' title='bbox 1479 1113 1608 1171; x_wconf 80' lang='lat' dir='ltr'><strong>corcyram</strong></span> <span class='ocrx_word' id='word_1_124' title='bbox 1621 1122 1700 1172; x_wconf 77' lang='lat' dir='ltr'><strong>perro</strong></span> 
     </span>
     <span class='ocr_line' id='line_1_10' title="bbox 123 1184 1700 1266; baseline 0 -22"><span class='ocrx_word' id='word_1_125' title='bbox 123 1184 266 1266; x_wconf 81' lang='grc' dir='ltr'>ίςΚέρκυραν</span> <span class='ocrx_word' id='word_1_126' title='bbox 280 1184 456 1265; x_wconf 70' lang='grc' dir='ltr'>ἐστράτευσαν</span> <span class='ocrx_word' id='word_1_127' title='bbox 468 1186 535 1263; x_wconf 80' lang='grc' dir='ltr'>μετὰ</span> <span class='ocrx_word' id='word_1_128' title='bbox 549 1189 600 1244; x_wconf 83' lang='grc' dir='ltr'><strong>τῶν</strong></span> <span class='ocrx_word' id='word_1_129' title='bbox 615 1189 645 1245; x_wconf 83' lang='grc' dir='ltr'>ἐκ</span> <span class='ocrx_word' id='word_1_130' title='bbox 654 1189 700 1256; x_wconf 82' lang='grc' dir='ltr'><strong>τῆς</strong></span> <span class='ocrx_word' id='word_1_131' title='bbox 711 1185 811 1252; x_wconf 89' lang='grc' dir='ltr'>πόλεως</span> <span class='ocrx_word' id='word_1_132' title='bbox 825 1185 871 1244; x_wconf 81' lang='grc' dir='ltr'>ἐπί</span> <span class='ocrx_word' id='word_1_133' title='bbox 916 1196 1021 1258; x_wconf 87' lang='lat' dir='ltr'><strong>nissent,</strong></span> <span class='ocrx_word' id='word_1_134' title='bbox 1032 1210 1145 1245; x_wconf 85' lang='lat' dir='ltr'><strong>unacum</strong></span> <span class='ocrx_word' id='word_1_135' title='bbox 1156 1196 1415 1245; x_wconf 88' lang='lat' dir='ltr'><strong>urbisiucolisbellum</strong></span> <span class='ocrx_word' id='word_1_136' title='bbox 1427 1196 1558 1246; x_wconf 88' lang='lat' dir='ltr'><strong>intulerunt</strong></span> <span class='ocrx_word' id='word_1_137' title='bbox 1568 1197 1700 1258; x_wconf 78' lang='lat' dir='ltr'><strong>corcyraeis</strong></span> 
     </span>
     <span class='ocr_line' id='line_1_11' title="bbox 122 1270 1700 1354; baseline 0.001 -22"><span class='ocrx_word' id='word_1_138' title='bbox 122 1270 162 1340; x_wconf 73' lang='lat' dir='ltr'><strong>rui&lt;</strong></span> <span class='ocrx_word' id='word_1_139' title='bbox 171 1276 194 1332; x_wconf 83' lang='grc' dir='ltr'><strong>ίν</strong></span> <span class='ocrx_word' id='word_1_140' title='bbox 206 1297 241 1354; x_wconf 86' lang='grc' dir='ltr'><strong>τῳ</strong></span> <span class='ocrx_word' id='word_1_141' title='bbox 256 1272 311 1350; x_wconf 84' lang='grc' dir='ltr'>ὄρει</span> <span class='ocrx_word' id='word_1_142' title='bbox 324 1278 370 1344; x_wconf 76' lang='grc' dir='ltr'><strong>τῆς</strong></span> <span class='ocrx_word' id='word_1_143' title='bbox 384 1270 506 1343; x_wconf 80' lang='grc' dir='ltr'>Ἰστιόνης</span> <span class='ocrx_word' id='word_1_144' title='bbox 525 1273 694 1354; x_wconf 82' lang='grc' dir='ltr'>Κερκυραίων</span> <span class='ocrx_word' id='word_1_145' title='bbox 711 1272 872 1351; x_wconf 82' lang='grc' dir='ltr'>καθιδρυμέ-</span> <span class='ocrx_word' id='word_1_146' title='bbox 916 1284 957 1345; x_wconf 91' lang='lat' dir='ltr'><strong>iis,</strong></span> <span class='ocrx_word' id='word_1_147' title='bbox 969 1284 1010 1347; x_wconf 90' lang='lat' dir='ltr'><strong>qui</strong></span> <span class='ocrx_word' id='word_1_148' title='bbox 1020 1285 1089 1333; x_wconf 86' lang='lat' dir='ltr'><strong>sedes</strong></span> <span class='ocrx_word' id='word_1_149' title='bbox 1106 1285 1129 1333; x_wconf 92' lang='lat' dir='ltr'><strong>in</strong></span> <span class='ocrx_word' id='word_1_150' title='bbox 1141 1288 1221 1335; x_wconf 90' lang='lat' dir='ltr'><strong>lslune</strong></span> <span class='ocrx_word' id='word_1_151' title='bbox 1233 1288 1314 1333; x_wconf 87' lang='lat' dir='ltr'><strong>rnonte</strong></span> <span class='ocrx_word' id='word_1_152' title='bbox 1325 1290 1468 1347; x_wconf 77' lang='lat' dir='ltr'><strong>prostrarunt,</strong></span> <span class='ocrx_word' id='word_1_153' title='bbox 1484 1285 1526 1346; x_wconf 93' lang='lat' dir='ltr'><strong>qui</strong></span> <span class='ocrx_word' id='word_1_154' title='bbox 1538 1289 1592 1347; x_wconf 91' lang='lat' dir='ltr'><strong>post</strong></span> <span class='ocrx_word' id='word_1_155' title='bbox 1604 1284 1700 1334; x_wconf 88' lang='lat' dir='ltr'><strong>seditio·</strong></span> 
     </span>
     <span class='ocr_line' id='line_1_12' title="bbox 123 1359 1701 1444; baseline 0.003 -25"><span class='ocrx_word' id='word_1_156' title='bbox 123 1383 171 1432; x_wconf 84' lang='grc' dir='ltr'>ναις,</span> <span class='ocrx_word' id='word_1_157' title='bbox 183 1359 205 1419; x_wconf 75' lang='lat' dir='ltr'><strong>oi</strong></span> <span class='ocrx_word' id='word_1_158' title='bbox 222 1360 280 1420; x_wconf 89' lang='grc' dir='ltr'>τότε</span> <span class='ocrx_word' id='word_1_159' title='bbox 300 1360 368 1437; x_wconf 69' lang='grc' dir='ltr'>μετα</span> <span class='ocrx_word' id='word_1_160' title='bbox 385 1359 433 1431; x_wconf 75' lang='grc' dir='ltr'><strong>τήν</strong></span> <span class='ocrx_word' id='word_1_161' title='bbox 445 1360 537 1419; x_wconf 77' lang='grc' dir='ltr'>στάσιν</span> <span class='ocrx_word' id='word_1_162' title='bbox 558 1360 694 1429; x_wconf 76' lang='grc' dir='ltr'>διαδόντες</span> <span class='ocrx_word' id='word_1_163' title='bbox 706 1362 830 1444; x_wconf 78' lang='grc' dir='ltr'>ἐκράτουν</span> <span class='ocrx_word' id='word_1_164' title='bbox 844 1385 872 1421; x_wconf 88' lang='grc' dir='ltr'><strong>τε</strong></span> <span class='ocrx_word' id='word_1_165' title='bbox 916 1385 984 1431; x_wconf 89' lang='lat' dir='ltr'><strong>nem,</strong></span> <span class='ocrx_word' id='word_1_166' title='bbox 997 1372 1511 1436; x_wconf 78' lang='lat' dir='ltr'><strong>utdixi‚eoprolectiagropotiehanluret</strong></span> <span class='ocrx_word' id='word_1_167' title='bbox 1525 1373 1600 1422; x_wconf 87' lang='lat' dir='ltr'><strong>multa</strong></span> <span class='ocrx_word' id='word_1_168' title='bbox 1614 1371 1701 1423; x_wconf 89' lang='lat' dir='ltr'><strong>damna</strong></span> 
     </span>
     <span class='ocr_line' id='line_1_13' title="bbox 123 1446 1693 1530; baseline 0.003 -24"><span class='ocrx_word' id='word_1_169' title='bbox 123 1451 207 1524; x_wconf 72' lang='grc' dir='ltr'>τίςγῆς</span> <span class='ocrx_word' id='word_1_170' title='bbox 224 1449 270 1507; x_wconf 80' lang='grc' dir='ltr'><strong>καί</strong></span> <span class='ocrx_word' id='word_1_171' title='bbox 288 1446 374 1507; x_wconf 83' lang='grc' dir='ltr'>πολλδι</span> <span class='ocrx_word' id='word_1_172' title='bbox 392 1448 532 1508; x_wconf 69' lang='grc' dir='ltr'>ἔθλαπτον.</span> <span class='ocrx_word' id='word_1_173' title='bbox 576 1453 610 1528; x_wconf 80' lang='lat' dir='ltr'><strong>(t)</strong></span> <span class='ocrx_word' id='word_1_174' title='bbox 630 1448 830 1530; x_wconf 81' lang='grc' dir='ltr'>ίίρυσθαλόντες</span> <span class='ocrx_word' id='word_1_175' title='bbox 845 1449 872 1510; x_wconf 78' lang='grc' dir='ltr'>δὲ</span> <span class='ocrx_word' id='word_1_176' title='bbox 917 1460 1016 1510; x_wconf 87' lang='lat' dir='ltr'><strong>dabant.</strong></span> <span class='ocrx_word' id='word_1_177' title='bbox 1051 1460 1084 1522; x_wconf 84' lang='lat'><strong>(2)</strong></span> <span class='ocrx_word' id='word_1_178' title='bbox 1098 1461 1153 1510; x_wconf 92' lang='lat' dir='ltr'><strong>lllos</strong></span> <span class='ocrx_word' id='word_1_179' title='bbox 1168 1460 1239 1521; x_wconf 82' lang='lat' dir='ltr'><strong>igitur</strong></span> <span class='ocrx_word' id='word_1_180' title='bbox 1252 1460 1343 1520; x_wconf 89' lang='lat' dir='ltr'><strong>adorti,</strong></span> <span class='ocrx_word' id='word_1_181' title='bbox 1356 1460 1512 1510; x_wconf 90' lang='lat' dir='ltr'><strong>munitionem</strong></span> <span class='ocrx_word' id='word_1_182' title='bbox 1524 1461 1622 1523; x_wconf 87' lang='lat' dir='ltr'><strong>quidem</strong></span> <span class='ocrx_word' id='word_1_183' title='bbox 1634 1473 1693 1524; x_wconf 86' lang='lat' dir='ltr'><strong>ceps</strong></span> 
     </span>
     <span class='ocr_line' id='line_1_14' title="bbox 122 1528 1700 1621; baseline 0.001 -27"><span class='ocrx_word' id='word_1_184' title='bbox 122 1535 192 1612; x_wconf 77' lang='lat' dir='ltr'><strong>dph</strong></span> <span class='ocrx_word' id='word_1_185' title='bbox 207 1537 332 1617; x_wconf 73' lang='grc' dir='ltr'>τείχισμα</span> <span class='ocrx_word' id='word_1_186' title='bbox 353 1528 434 1612; x_wconf 77' lang='grc' dir='ltr'>εἷλον,</span> <span class='ocrx_word' id='word_1_187' title='bbox 451 1540 474 1595; x_wconf 79' lang='grc' dir='ltr'><strong>οἱ</strong></span> <span class='ocrx_word' id='word_1_188' title='bbox 493 1535 520 1595; x_wconf 83' lang='grc' dir='ltr'>δέ</span> <span class='ocrx_word' id='word_1_189' title='bbox 541 1535 630 1618; x_wconf 76' lang='grc' dir='ltr'>ἄνδρες</span> <span class='ocrx_word' id='word_1_190' title='bbox 649 1539 873 1621; x_wconf 70' lang='grc' dir='ltr'>καταπεφευγότες</span> <span class='ocrx_word' id='word_1_191' title='bbox 918 1554 987 1611; x_wconf 83' lang='grc' dir='ltr'>τιιιι1;</span> <span class='ocrx_word' id='word_1_192' title='bbox 998 1549 1107 1598; x_wconf 88' lang='lat' dir='ltr'><strong>homines</strong></span> <span class='ocrx_word' id='word_1_193' title='bbox 1117 1561 1173 1596; x_wconf 83' lang='lat' dir='ltr'><strong>vero</strong></span> <span class='ocrx_word' id='word_1_194' title='bbox 1187 1548 1321 1610; x_wconf 80' lang='lat' dir='ltr'><strong>conglobati</strong></span> <span class='ocrx_word' id='word_1_195' title='bbox 1332 1549 1356 1596; x_wconf 93' lang='lat' dir='ltr'><strong>iu</strong></span> <span class='ocrx_word' id='word_1_196' title='bbox 1372 1547 1464 1597; x_wconf 87' lang='lat' dir='ltr'><strong>editum</strong></span> <span class='ocrx_word' id='word_1_197' title='bbox 1475 1547 1604 1611; x_wconf 88' lang='lat' dir='ltr'><strong>quemdam</strong></span> <span class='ocrx_word' id='word_1_198' title='bbox 1622 1548 1700 1598; x_wconf 81' lang='lat' dir='ltr'><strong>locum</strong></span> 
     </span>
     <span class='ocr_line' id='line_1_15' title="bbox 123 1623 1701 1706; baseline 0.003 -25"><span class='ocrx_word' id='word_1_199' title='bbox 123 1623 187 1704; x_wconf 80' lang='grc' dir='ltr'>ίθρίοι</span> <span class='ocrx_word' id='word_1_200' title='bbox 196 1626 257 1706; x_wconf 78' lang='grc' dir='ltr'>πρὸς</span> <span class='ocrx_word' id='word_1_201' title='bbox 270 1623 400 1706; x_wconf 85' lang='grc' dir='ltr'>μετέωρόν</span> <span class='ocrx_word' id='word_1_202' title='bbox 412 1647 437 1682; x_wconf 91' lang='grc' dir='ltr'><strong>τι</strong></span> <span class='ocrx_word' id='word_1_203' title='bbox 453 1624 595 1696; x_wconf 81' lang='grc' dir='ltr'>ξυνέόησαν</span> <span class='ocrx_word' id='word_1_204' title='bbox 609 1624 676 1684; x_wconf 79' lang='grc' dir='ltr'>ὥστε</span> <span class='ocrx_word' id='word_1_205' title='bbox 689 1626 747 1694; x_wconf 84' lang='grc' dir='ltr'>τοὺς</span> <span class='ocrx_word' id='word_1_206' title='bbox 758 1625 804 1704; x_wconf 81' lang='grc' dir='ltr'><strong>μίν</strong></span> <span class='ocrx_word' id='word_1_207' title='bbox 817 1631 874 1687; x_wconf 81' lang='grc' dir='ltr'>ἐπι·</span> <span class='ocrx_word' id='word_1_208' title='bbox 917 1636 972 1698; x_wconf 81' lang='lat' dir='ltr'><strong>luga</strong></span> <span class='ocrx_word' id='word_1_209' title='bbox 987 1650 1013 1686; x_wconf 89' lang='lat' dir='ltr'><strong>se</strong></span> <span class='ocrx_word' id='word_1_210' title='bbox 1027 1639 1180 1698; x_wconf 86' lang='lat' dir='ltr'><strong>receperunt,</strong></span> <span class='ocrx_word' id='word_1_211' title='bbox 1194 1639 1218 1685; x_wconf 88' lang='lat' dir='ltr'><strong>et</strong></span> <span class='ocrx_word' id='word_1_212' title='bbox 1229 1636 1426 1705; x_wconf 87' lang='lat' dir='ltr'><strong>compositionem</strong></span> <span class='ocrx_word' id='word_1_213' title='bbox 1439 1637 1483 1684; x_wconf 88' lang='lat' dir='ltr'><strong>hac</strong></span> <span class='ocrx_word' id='word_1_214' title='bbox 1494 1635 1630 1685; x_wconf 86' lang='lat' dir='ltr'><strong>conditione</strong></span> <span class='ocrx_word' id='word_1_215' title='bbox 1639 1636 1701 1685; x_wconf 80' lang='lat' dir='ltr'><strong>lece-</strong></span> 
     </span>
     <span class='ocr_line' id='line_1_16' title="bbox 123 1711 1702 1796; baseline 0.004 -28"><span class='ocrx_word' id='word_1_216' title='bbox 123 1711 202 1792; x_wconf 79' lang='grc' dir='ltr'>κνίραος</span> <span class='ocrx_word' id='word_1_217' title='bbox 217 1714 393 1794; x_wconf 82' lang='grc' dir='ltr'>παραδοῦναι,</span> <span class='ocrx_word' id='word_1_218' title='bbox 408 1712 468 1793; x_wconf 86' lang='grc' dir='ltr'>περί</span> <span class='ocrx_word' id='word_1_219' title='bbox 482 1713 510 1771; x_wconf 78' lang='grc' dir='ltr'>δὲ</span> <span class='ocrx_word' id='word_1_220' title='bbox 527 1716 598 1793; x_wconf 78' lang='grc' dir='ltr'>σφῶν</span> <span class='ocrx_word' id='word_1_221' title='bbox 611 1713 646 1772; x_wconf 82' lang='grc' dir='ltr'><strong>τδι</strong></span> <span class='ocrx_word' id='word_1_222' title='bbox 659 1713 729 1773; x_wconf 84' lang='grc' dir='ltr'>ὅπλα</span> <span class='ocrx_word' id='word_1_223' title='bbox 742 1716 874 1796; x_wconf 88' lang='grc' dir='ltr'>παραδόν-</span> <span class='ocrx_word' id='word_1_224' title='bbox 918 1729 986 1785; x_wconf 87' lang='lat' dir='ltr'><strong>runt,</strong></span> <span class='ocrx_word' id='word_1_225' title='bbox 998 1729 1025 1773; x_wconf 90' lang='lat' dir='ltr'><strong>ut</strong></span> <span class='ocrx_word' id='word_1_226' title='bbox 1038 1724 1177 1773; x_wconf 74' lang='lat' dir='ltr'><strong>auxiliarios</strong></span> <span class='ocrx_word' id='word_1_227' title='bbox 1188 1723 1286 1786; x_wconf 86' lang='lat' dir='ltr'><strong>quidem</strong></span> <span class='ocrx_word' id='word_1_228' title='bbox 1303 1723 1392 1773; x_wconf 85' lang='lat' dir='ltr'><strong>milites</strong></span> <span class='ocrx_word' id='word_1_229' title='bbox 1410 1723 1469 1786; x_wconf 88' lang='lat' dir='ltr'><strong>ipsis</strong></span> <span class='ocrx_word' id='word_1_230' title='bbox 1485 1723 1619 1783; x_wconf 85' lang='lat' dir='ltr'><strong>traderent,</strong></span> <span class='ocrx_word' id='word_1_231' title='bbox 1633 1723 1664 1773; x_wconf 92' lang='lat' dir='ltr'><strong>de</strong></span> <span class='ocrx_word' id='word_1_232' title='bbox 1675 1738 1702 1774; x_wconf 89' lang='lat' dir='ltr'><strong>se</strong></span> 
     </span>
     <span class='ocr_line' id='line_1_17' title="bbox 124 1801 1702 1882; baseline 0.002 -25"><span class='ocrx_word' id='word_1_233' title='bbox 124 1801 204 1859; x_wconf 77' lang='grc' dir='ltr'>ταναὸν</span> <span class='ocrx_word' id='word_1_234' title='bbox 221 1801 361 1874; x_wconf 68' lang='grc' dir='ltr'>Ἀθηναίων</span> <span class='ocrx_word' id='word_1_235' title='bbox 377 1803 460 1880; x_wconf 78' lang='grc' dir='ltr'>δῆμον</span> <span class='ocrx_word' id='word_1_236' title='bbox 475 1803 623 1882; x_wconf 86' lang='grc' dir='ltr'>διαγνῶναι.</span> <span class='ocrx_word' id='word_1_237' title='bbox 666 1805 697 1881; x_wconf 79' lang='lat' dir='ltr'><strong>(a)</strong></span> <span class='ocrx_word' id='word_1_238' title='bbox 713 1804 767 1863; x_wconf 80' lang='grc' dir='ltr'><strong>Καὶ</strong></span> <span class='ocrx_word' id='word_1_239' title='bbox 782 1804 874 1871; x_wconf 79' lang='grc' dir='ltr'>αὐτοὺς</span> <span class='ocrx_word' id='word_1_240' title='bbox 919 1826 976 1862; x_wconf 85' lang='lat' dir='ltr'><strong>vero</strong></span> <span class='ocrx_word' id='word_1_241' title='bbox 985 1812 1057 1861; x_wconf 83' lang='lat' dir='ltr'><strong>annis</strong></span> <span class='ocrx_word' id='word_1_242' title='bbox 1066 1811 1160 1860; x_wconf 86' lang='lat' dir='ltr'><strong>traditis</strong></span> <span class='ocrx_word' id='word_1_243' title='bbox 1170 1810 1350 1860; x_wconf 89' lang='lat' dir='ltr'><strong>Atheniensium</strong></span> <span class='ocrx_word' id='word_1_244' title='bbox 1361 1811 1463 1873; x_wconf 87' lang='lat' dir='ltr'><strong>populus</strong></span> <span class='ocrx_word' id='word_1_245' title='bbox 1474 1811 1591 1860; x_wconf 86' lang='lat' dir='ltr'><strong>arbitratu</strong></span> <span class='ocrx_word' id='word_1_246' title='bbox 1602 1824 1647 1860; x_wconf 93' lang='lat' dir='ltr'><strong>suo</strong></span> <span class='ocrx_word' id='word_1_247' title='bbox 1656 1815 1702 1860; x_wconf 86' lang='lat' dir='ltr'><strong>sta·</strong></span> 
     </span>
     <span class='ocr_line' id='line_1_18' title="bbox 125 1886 1703 1972; baseline 0.003 -30"><span class='ocrx_word' id='word_1_248' title='bbox 125 1887 142 1951; x_wconf 81' lang='grc' dir='ltr'>ἐς</span> <span class='ocrx_word' id='word_1_249' title='bbox 155 1886 191 1958; x_wconf 75' lang='grc' dir='ltr'><strong>τήν</strong></span> <span class='ocrx_word' id='word_1_250' title='bbox 208 1893 285 1965; x_wconf 66' lang='grc' dir='ltr'>νῆσον</span> <span class='ocrx_word' id='word_1_251' title='bbox 304 1891 328 1946; x_wconf 81' lang='grc' dir='ltr'><strong>οἱ</strong></span> <span class='ocrx_word' id='word_1_252' title='bbox 349 1888 491 1969; x_wconf 83' lang='grc' dir='ltr'>στρατηγοί</span> <span class='ocrx_word' id='word_1_253' title='bbox 509 1887 557 1960; x_wconf 80' lang='grc' dir='ltr'><strong>τὴν</strong></span> <span class='ocrx_word' id='word_1_254' title='bbox 578 1888 698 1968; x_wconf 84' lang='grc' dir='ltr'>Πτυχίαν</span> <span class='ocrx_word' id='word_1_255' title='bbox 713 1892 739 1957; x_wconf 85' lang='grc' dir='ltr'>ἐς</span> <span class='ocrx_word' id='word_1_256' title='bbox 756 1890 874 1972; x_wconf 70' lang='grc' dir='ltr'>φυλακήν</span> <span class='ocrx_word' id='word_1_257' title='bbox 918 1904 1003 1950; x_wconf 86' lang='lat' dir='ltr'><strong>tueret.</strong></span> <span class='ocrx_word' id='word_1_258' title='bbox 1037 1899 1069 1961; x_wconf 80' lang='lat'><strong>(3)</strong></span> <span class='ocrx_word' id='word_1_259' title='bbox 1085 1903 1164 1949; x_wconf 86' lang='lat' dir='ltr'><strong>Duces</strong></span> <span class='ocrx_word' id='word_1_260' title='bbox 1177 1904 1259 1948; x_wconf 84' lang='lat' dir='ltr'><strong>autum</strong></span> <span class='ocrx_word' id='word_1_261' title='bbox 1274 1899 1456 1949; x_wconf 78' lang='lat' dir='ltr'><strong>Atheniensium</strong></span> <span class='ocrx_word' id='word_1_262' title='bbox 1472 1899 1538 1962; x_wconf 89' lang='lat' dir='ltr'><strong>ipsos</strong></span> <span class='ocrx_word' id='word_1_263' title='bbox 1549 1897 1596 1949; x_wconf 80' lang='lat' dir='ltr'><strong>srde</strong></span> <span class='ocrx_word' id='word_1_264' title='bbox 1607 1898 1703 1962; x_wconf 89' lang='lat' dir='ltr'><strong>publica</strong></span> 
     </span>
     <span class='ocr_line' id='line_1_19' title="bbox 125 1970 1703 2061; baseline 0.001 -29"><span class='ocrx_word' id='word_1_265' title='bbox 125 1973 243 2052; x_wconf 73' lang='grc' dir='ltr'>διεκόμισαν</span> <span class='ocrx_word' id='word_1_266' title='bbox 263 1975 451 2048; x_wconf 77' lang='grc' dir='ltr'>ὑποσπόνδους,</span> <span class='ocrx_word' id='word_1_267' title='bbox 466 1975 546 2057; x_wconf 83' lang='grc' dir='ltr'>μέχρι</span> <span class='ocrx_word' id='word_1_268' title='bbox 561 1970 591 2036; x_wconf 63' lang='lat' dir='ltr'><strong>ab</strong></span> <span class='ocrx_word' id='word_1_269' title='bbox 608 1977 729 2049; x_wconf 80' lang='grc' dir='ltr'>Ἀθήναζε</span> <span class='ocrx_word' id='word_1_270' title='bbox 744 1983 874 2061; x_wconf 82' lang='grc' dir='ltr'>πεμρθῶ-</span> <span class='ocrx_word' id='word_1_271' title='bbox 919 1987 1058 2049; x_wconf 88' lang='lat' dir='ltr'><strong>interposita</strong></span> <span class='ocrx_word' id='word_1_272' title='bbox 1076 1987 1101 2035; x_wconf 94' lang='lat' dir='ltr'><strong>in</strong></span> <span class='ocrx_word' id='word_1_273' title='bbox 1120 1986 1223 2035; x_wconf 87' lang='lat' dir='ltr'><strong>insulam</strong></span> <span class='ocrx_word' id='word_1_274' title='bbox 1241 1986 1364 2048; x_wconf 78' lang='lat' dir='ltr'><strong>l‘tychlam</strong></span> <span class='ocrx_word' id='word_1_275' title='bbox 1382 1986 1542 2036; x_wconf 78' lang='lat' dir='ltr'><strong>asservandus</strong></span> <span class='ocrx_word' id='word_1_276' title='bbox 1561 1989 1703 2050; x_wconf 87' lang='lat' dir='ltr'><strong>transporta·</strong></span> 
     </span>
     <span class='ocr_line' id='line_1_20' title="bbox 125 2060 1703 2150; baseline 0.003 -33"><span class='ocrx_word' id='word_1_277' title='bbox 125 2060 227 2132; x_wconf 69' lang='lat' dir='ltr'><strong>amiam</strong></span> <span class='ocrx_word' id='word_1_278' title='bbox 243 2062 275 2122; x_wconf 82' lang='grc' dir='ltr'>ἄν</span> <span class='ocrx_word' id='word_1_279' title='bbox 293 2087 332 2131; x_wconf 89' lang='grc' dir='ltr'><strong>τις</strong></span> <span class='ocrx_word' id='word_1_280' title='bbox 351 2064 408 2150; x_wconf 74' lang='grc' dir='ltr'><strong>ἁλῷ</strong></span> <span class='ocrx_word' id='word_1_281' title='bbox 425 2065 624 2146; x_wconf 78' lang='grc' dir='ltr'>ἀποδιδράσκων</span> <span class='ocrx_word' id='word_1_282' title='bbox 648 2064 731 2125; x_wconf 81' lang='grc' dir='ltr'>άπασι</span> <span class='ocrx_word' id='word_1_283' title='bbox 752 2067 875 2127; x_wconf 85' lang='grc' dir='ltr'>λελύσθαι</span> <span class='ocrx_word' id='word_1_284' title='bbox 918 2078 989 2136; x_wconf 87' lang='lat' dir='ltr'><strong>runt,</strong></span> <span class='ocrx_word' id='word_1_285' title='bbox 1002 2075 1079 2124; x_wconf 86' lang='lat' dir='ltr'><strong>donec</strong></span> <span class='ocrx_word' id='word_1_286' title='bbox 1091 2075 1196 2124; x_wconf 87' lang='lat' dir='ltr'><strong>Athenas</strong></span> <span class='ocrx_word' id='word_1_287' title='bbox 1207 2074 1367 2134; x_wconf 85' lang='lat' dir='ltr'><strong>mitterentur,</strong></span> <span class='ocrx_word' id='word_1_288' title='bbox 1379 2073 1412 2123; x_wconf 88' lang='lat' dir='ltr'><strong>lla</strong></span> <span class='ocrx_word' id='word_1_289' title='bbox 1423 2079 1463 2136; x_wconf 91' lang='lat' dir='ltr'><strong>ut,</strong></span> <span class='ocrx_word' id='word_1_290' title='bbox 1480 2074 1501 2123; x_wconf 90' lang='lat' dir='ltr'><strong>si</strong></span> <span class='ocrx_word' id='word_1_291' title='bbox 1512 2074 1567 2137; x_wconf 90' lang='lat' dir='ltr'><strong>quis</strong></span> <span class='ocrx_word' id='word_1_292' title='bbox 1578 2073 1703 2136; x_wconf 55' lang='lat' dir='ltr'><strong>assumens</strong></span> 
     </span>
     <span class='ocr_line' id='line_1_21' title="bbox 125 2145 1700 2234; baseline 0.003 -28"><span class='ocrx_word' id='word_1_293' title='bbox 125 2145 282 2216; x_wconf 79' lang='grc' dir='ltr'>τίςσπονδάς.</span> <span class='ocrx_word' id='word_1_294' title='bbox 324 2153 356 2228; x_wconf 80' lang='grc' dir='ltr'><strong>(ι)</strong></span> <span class='ocrx_word' id='word_1_295' title='bbox 383 2155 418 2211; x_wconf 85' lang='lat' dir='ltr'><strong>0t</strong></span> <span class='ocrx_word' id='word_1_296' title='bbox 437 2150 465 2210; x_wconf 85' lang='grc' dir='ltr'>δέ</span> <span class='ocrx_word' id='word_1_297' title='bbox 482 2158 528 2211; x_wconf 82' lang='grc' dir='ltr'><strong>τοῦ</strong></span> <span class='ocrx_word' id='word_1_298' title='bbox 551 2152 636 2230; x_wconf 87' lang='grc' dir='ltr'>δήμου</span> <span class='ocrx_word' id='word_1_299' title='bbox 656 2153 803 2234; x_wconf 85' lang='grc' dir='ltr'>προστάται</span> <span class='ocrx_word' id='word_1_300' title='bbox 823 2160 874 2214; x_wconf 84' lang='grc' dir='ltr'><strong>τῶν</strong></span> <span class='ocrx_word' id='word_1_301' title='bbox 919 2162 1146 2225; x_wconf 89' lang='lat' dir='ltr'><strong>deprehenderetur,</strong></span> <span class='ocrx_word' id='word_1_302' title='bbox 1155 2162 1291 2225; x_wconf 79' lang='lat' dir='ltr'><strong>ildes,quae</strong></span> <span class='ocrx_word' id='word_1_303' title='bbox 1300 2161 1615 2222; x_wconf 84' lang='lat' dir='ltr'><strong>dalaerat,oumibusessel</strong></span> <span class='ocrx_word' id='word_1_304' title='bbox 1626 2162 1700 2211; x_wconf 87' lang='lat' dir='ltr'><strong>irrita.</strong></span> 
     </span>
     <span class='ocr_line' id='line_1_22' title="bbox 127 2235 1701 2318; baseline 0.003 -25"><span class='ocrx_word' id='word_1_305' title='bbox 127 2235 276 2317; x_wconf 72' lang='grc' dir='ltr'>Κερκυραίων,</span> <span class='ocrx_word' id='word_1_306' title='bbox 296 2237 406 2307; x_wconf 83' lang='grc' dir='ltr'>δεδιότες</span> <span class='ocrx_word' id='word_1_307' title='bbox 425 2238 462 2318; x_wconf 79' lang='grc' dir='ltr'>μὴ</span> <span class='ocrx_word' id='word_1_308' title='bbox 482 2244 505 2299; x_wconf 83' lang='lat' dir='ltr'><strong>oi</strong></span> <span class='ocrx_word' id='word_1_309' title='bbox 528 2240 657 2313; x_wconf 80' lang='grc' dir='ltr'>Ἀθηναῖοι</span> <span class='ocrx_word' id='word_1_310' title='bbox 674 2241 733 2310; x_wconf 84' lang='grc' dir='ltr'>τοὺς</span> <span class='ocrx_word' id='word_1_311' title='bbox 754 2243 876 2312; x_wconf 78' lang='grc' dir='ltr'>ἐλθόντας</span> <span class='ocrx_word' id='word_1_312' title='bbox 922 2250 955 2312; x_wconf 79' lang='lat' dir='ltr'><strong>(l)</strong></span> <span class='ocrx_word' id='word_1_313' title='bbox 965 2254 1055 2301; x_wconf 86' lang='lat' dir='ltr'><strong>Verum</strong></span> <span class='ocrx_word' id='word_1_314' title='bbox 1070 2252 1186 2313; x_wconf 89' lang='lat' dir='ltr'><strong>primores</strong></span> <span class='ocrx_word' id='word_1_315' title='bbox 1196 2249 1278 2312; x_wconf 88' lang='lat' dir='ltr'><strong>populi</strong></span> <span class='ocrx_word' id='word_1_316' title='bbox 1292 2250 1426 2312; x_wconf 77' lang='lat' dir='ltr'><strong>Corcyraei,</strong></span> <span class='ocrx_word' id='word_1_317' title='bbox 1439 2249 1521 2310; x_wconf 83' lang='lat' dir='ltr'><strong>veriti,</strong></span> <span class='ocrx_word' id='word_1_318' title='bbox 1533 2263 1564 2299; x_wconf 92' lang='lat' dir='ltr'><strong>ne</strong></span> <span class='ocrx_word' id='word_1_319' title='bbox 1574 2249 1701 2299; x_wconf 86' lang='lat' dir='ltr'><strong>Athenien·</strong></span> 
     </span>
     <span class='ocr_line' id='line_1_23' title="bbox 126 2321 1702 2408; baseline 0.003 -27"><span class='ocrx_word' id='word_1_320' title='bbox 126 2321 343 2398; x_wconf 71' lang='grc' dir='ltr'>όαέποκτείνωσι,</span> <span class='ocrx_word' id='word_1_321' title='bbox 355 2331 526 2406; x_wconf 80' lang='grc' dir='ltr'>μηχανῶνται</span> <span class='ocrx_word' id='word_1_322' title='bbox 539 2328 637 2388; x_wconf 85' lang='grc' dir='ltr'>τοιόνδε</span> <span class='ocrx_word' id='word_1_323' title='bbox 650 2352 685 2390; x_wconf 94' lang='grc' dir='ltr'><strong>τι.</strong></span> <span class='ocrx_word' id='word_1_324' title='bbox 729 2334 760 2408; x_wconf 87' lang='lat' dir='ltr'><strong>(s)</strong></span> <span class='ocrx_word' id='word_1_325' title='bbox 772 2334 834 2391; x_wconf 81' lang='grc' dir='ltr'>Τῶν</span> <span class='ocrx_word' id='word_1_326' title='bbox 847 2355 874 2389; x_wconf 89' lang='grc' dir='ltr'><strong>τε</strong></span> <span class='ocrx_word' id='word_1_327' title='bbox 919 2352 959 2388; x_wconf 86' lang='lat' dir='ltr'><strong>ses</strong></span> <span class='ocrx_word' id='word_1_328' title='bbox 978 2339 1023 2388; x_wconf 91' lang='lat' dir='ltr'><strong>bos</strong></span> <span class='ocrx_word' id='word_1_329' title='bbox 1043 2338 1149 2388; x_wconf 77' lang='lat' dir='ltr'><strong>Athenas</strong></span> <span class='ocrx_word' id='word_1_330' title='bbox 1171 2337 1289 2402; x_wconf 82' lang='lat' dir='ltr'><strong>proiectos</strong></span> <span class='ocrx_word' id='word_1_331' title='bbox 1310 2351 1358 2387; x_wconf 91' lang='lat' dir='ltr'><strong>non</strong></span> <span class='ocrx_word' id='word_1_332' title='bbox 1377 2337 1548 2400; x_wconf 82' lang='lat' dir='ltr'><strong>interficerent,</strong></span> <span class='ocrx_word' id='word_1_333' title='bbox 1565 2336 1702 2399; x_wconf 82' lang='lat' dir='ltr'><strong>hujusmodl</strong></span> 
     </span>
     <span class='ocr_line' id='line_1_24' title="bbox 126 2410 1703 2502; baseline 0.006 -36"><span class='ocrx_word' id='word_1_334' title='bbox 126 2410 256 2495; x_wconf 72' lang='grc' dir='ltr'>ίιιῇνήσςρ</span> <span class='ocrx_word' id='word_1_335' title='bbox 266 2415 386 2473; x_wconf 89' lang='grc' dir='ltr'>πείθουσί</span> <span class='ocrx_word' id='word_1_336' title='bbox 398 2439 469 2482; x_wconf 88' lang='grc' dir='ltr'>τινας</span> <span class='ocrx_word' id='word_1_337' title='bbox 487 2416 601 2496; x_wconf 85' lang='grc' dir='ltr'>ὀλίγους,</span> <span class='ocrx_word' id='word_1_338' title='bbox 617 2419 818 2500; x_wconf 77' lang='grc' dir='ltr'>ὑποπέμψαντες</span> <span class='ocrx_word' id='word_1_339' title='bbox 831 2420 876 2502; x_wconf 81' lang='lat' dir='ltr'><strong>pi·</strong></span> <span class='ocrx_word' id='word_1_340' title='bbox 920 2425 1027 2475; x_wconf 77' lang='lat' dir='ltr'><strong>fraudem</strong></span> <span class='ocrx_word' id='word_1_341' title='bbox 1044 2425 1184 2474; x_wconf 85' lang='lat' dir='ltr'><strong>moliuntur.</strong></span> <span class='ocrx_word' id='word_1_342' title='bbox 1218 2425 1252 2487; x_wconf 82' lang='grc'><strong>(5)</strong></span> <span class='ocrx_word' id='word_1_343' title='bbox 1263 2424 1375 2484; x_wconf 88' lang='lat' dir='ltr'><strong>Illorum,</strong></span> <span class='ocrx_word' id='word_1_344' title='bbox 1391 2425 1433 2487; x_wconf 90' lang='lat' dir='ltr'><strong>qui</strong></span> <span class='ocrx_word' id='word_1_345' title='bbox 1449 2425 1475 2473; x_wconf 91' lang='lat' dir='ltr'><strong>in</strong></span> <span class='ocrx_word' id='word_1_346' title='bbox 1488 2424 1566 2475; x_wconf 90' lang='lat' dir='ltr'><strong>insula</strong></span> <span class='ocrx_word' id='word_1_347' title='bbox 1578 2424 1703 2475; x_wconf 79' lang='lat' dir='ltr'><strong>servaban-</strong></span> 
     </span>
     <span class='ocr_line' id='line_1_25' title="bbox 126 2496 1703 2589; baseline 0.002 -30"><span class='ocrx_word' id='word_1_348' title='bbox 126 2496 213 2566; x_wconf 70' lang='lat' dir='ltr'><strong>heret</strong></span> <span class='ocrx_word' id='word_1_349' title='bbox 225 2502 373 2571; x_wconf 78' lang='grc' dir='ltr'>διδάξαντες</span> <span class='ocrx_word' id='word_1_350' title='bbox 382 2507 417 2571; x_wconf 82' lang='grc' dir='ltr'>ὡς</span> <span class='ocrx_word' id='word_1_351' title='bbox 428 2505 487 2563; x_wconf 70' lang='grc' dir='ltr'><strong>κατέ</strong></span> <span class='ocrx_word' id='word_1_352' title='bbox 501 2504 602 2565; x_wconf 84' lang='grc' dir='ltr'>εὔνοιαν</span> <span class='ocrx_word' id='word_1_353' title='bbox 613 2507 645 2578; x_wconf 83' lang='grc' dir='ltr'>δή</span> <span class='ocrx_word' id='word_1_354' title='bbox 661 2507 744 2586; x_wconf 87' lang='grc' dir='ltr'>λέγειν</span> <span class='ocrx_word' id='word_1_355' title='bbox 758 2508 798 2567; x_wconf 85' lang='grc' dir='ltr'><strong>ότι</strong></span> <span class='ocrx_word' id='word_1_356' title='bbox 811 2509 875 2589; x_wconf 81' lang='grc' dir='ltr'>κρά·</span> <span class='ocrx_word' id='word_1_357' title='bbox 919 2519 968 2574; x_wconf 93' lang='lat' dir='ltr'><strong>tur,</strong></span> <span class='ocrx_word' id='word_1_358' title='bbox 978 2513 1098 2576; x_wconf 82' lang='lat' dir='ltr'><strong>aliquibus</strong></span> <span class='ocrx_word' id='word_1_359' title='bbox 1109 2513 1192 2576; x_wconf 85' lang='lat' dir='ltr'><strong>paucis</strong></span> <span class='ocrx_word' id='word_1_360' title='bbox 1205 2496 1364 2575; x_wconf 83' lang='lat' dir='ltr'><strong>persuadent,</strong></span> <span class='ocrx_word' id='word_1_361' title='bbox 1373 2512 1501 2562; x_wconf 87' lang='lat' dir='ltr'><strong>submissis</strong></span> <span class='ocrx_word' id='word_1_362' title='bbox 1517 2512 1600 2562; x_wconf 84' lang='lat' dir='ltr'><strong>amicis</strong></span> <span class='ocrx_word' id='word_1_363' title='bbox 1611 2518 1635 2562; x_wconf 90' lang='lat' dir='ltr'><strong>et</strong></span> <span class='ocrx_word' id='word_1_364' title='bbox 1654 2525 1703 2562; x_wconf 83' lang='lat' dir='ltr'><strong>aro·</strong></span> 
     </span>
     <span class='ocr_line' id='line_1_26' title="bbox 127 2589 1704 2676; baseline 0.001 -28"><span class='ocrx_word' id='word_1_365' title='bbox 127 2605 188 2648; x_wconf 69' lang='grc' dir='ltr'>τασαν</span> <span class='ocrx_word' id='word_1_366' title='bbox 199 2591 284 2658; x_wconf 78' lang='grc' dir='ltr'>αι’ντυῖς</span> <span class='ocrx_word' id='word_1_367' title='bbox 296 2589 337 2663; x_wconf 77' lang='grc' dir='ltr'><strong>εἴη</strong></span> <span class='ocrx_word' id='word_1_368' title='bbox 353 2591 512 2672; x_wconf 82' lang='grc' dir='ltr'>ὡςτάχιστα</span> <span class='ocrx_word' id='word_1_369' title='bbox 528 2597 687 2676; x_wconf 81' lang='grc' dir='ltr'>ἀποδρᾶναι,</span> <span class='ocrx_word' id='word_1_370' title='bbox 706 2598 795 2655; x_wconf 86' lang='grc' dir='ltr'>πλοῖον</span> <span class='ocrx_word' id='word_1_371' title='bbox 808 2599 836 2656; x_wconf 84' lang='grc' dir='ltr'>δέ</span> <span class='ocrx_word' id='word_1_372' title='bbox 850 2622 875 2655; x_wconf 89' lang='grc' dir='ltr'><strong>τι</strong></span> <span class='ocrx_word' id='word_1_373' title='bbox 919 2601 990 2663; x_wconf 89' lang='lat' dir='ltr'><strong>nitis,</strong></span> <span class='ocrx_word' id='word_1_374' title='bbox 1005 2605 1033 2650; x_wconf 90' lang='lat' dir='ltr'><strong>ut</strong></span> <span class='ocrx_word' id='word_1_375' title='bbox 1046 2601 1114 2664; x_wconf 89' lang='lat' dir='ltr'><strong>quasi</strong></span> <span class='ocrx_word' id='word_1_376' title='bbox 1131 2614 1172 2664; x_wconf 93' lang='lat' dir='ltr'><strong>per</strong></span> <span class='ocrx_word' id='word_1_377' title='bbox 1183 2600 1373 2664; x_wconf 85' lang='lat' dir='ltr'><strong>benevolentiam</strong></span> <span class='ocrx_word' id='word_1_378' title='bbox 1389 2599 1507 2661; x_wconf 90' lang='lat' dir='ltr'><strong>dicerent,</strong></span> <span class='ocrx_word' id='word_1_379' title='bbox 1523 2613 1537 2650; x_wconf 86' lang='lat' dir='ltr'><strong>e</strong></span> <span class='ocrx_word' id='word_1_380' title='bbox 1555 2615 1581 2652; x_wconf 86' lang='lat' dir='ltr'><strong>rs</strong></span> <span class='ocrx_word' id='word_1_381' title='bbox 1596 2601 1704 2664; x_wconf 90' lang='lat' dir='ltr'><strong>ipsorum</strong></span> 
     </span>
     <span class='ocr_line' id='line_1_27' title="bbox 128 2672 1705 2766; baseline 0.003 -33"><span class='ocrx_word' id='word_1_382' title='bbox 128 2672 177 2733; x_wconf 69' lang='lat' dir='ltr'><strong>chat</strong></span> <span class='ocrx_word' id='word_1_383' title='bbox 191 2678 344 2756; x_wconf 72' lang='grc' dir='ltr'>ἑτοιμάσειν·</span> <span class='ocrx_word' id='word_1_384' title='bbox 359 2678 462 2756; x_wconf 76' lang='grc' dir='ltr'>μέλλειν</span> <span class='ocrx_word' id='word_1_385' title='bbox 474 2679 524 2762; x_wconf 78' lang='grc' dir='ltr'>γὰρ</span> <span class='ocrx_word' id='word_1_386' title='bbox 539 2679 570 2754; x_wconf 78' lang='grc' dir='ltr'>δή</span> <span class='ocrx_word' id='word_1_387' title='bbox 581 2681 641 2750; x_wconf 80' lang='grc' dir='ltr'>τοὺς</span> <span class='ocrx_word' id='word_1_388' title='bbox 652 2684 812 2766; x_wconf 73' lang='grc' dir='ltr'>στρατηγοὺς</span> <span class='ocrx_word' id='word_1_389' title='bbox 824 2690 875 2743; x_wconf 78' lang='grc' dir='ltr'>τῶν</span> <span class='ocrx_word' id='word_1_390' title='bbox 920 2689 1024 2738; x_wconf 81' lang='lat' dir='ltr'><strong>maxime</strong></span> <span class='ocrx_word' id='word_1_391' title='bbox 1039 2701 1093 2738; x_wconf 86' lang='lat' dir='ltr'><strong>esse</strong></span> <span class='ocrx_word' id='word_1_392' title='bbox 1109 2689 1187 2752; x_wconf 87' lang='lat' dir='ltr'><strong>primo</strong></span> <span class='ocrx_word' id='word_1_393' title='bbox 1198 2701 1294 2752; x_wconf 91' lang='lat' dir='ltr'><strong>quoque</strong></span> <span class='ocrx_word' id='word_1_394' title='bbox 1306 2693 1413 2750; x_wconf 92' lang='lat' dir='ltr'><strong>tempore</strong></span> <span class='ocrx_word' id='word_1_395' title='bbox 1429 2688 1508 2750; x_wconf 81' lang='lat' dir='ltr'><strong>lugam</strong></span> <span class='ocrx_word' id='word_1_396' title='bbox 1523 2701 1661 2751; x_wconf 78' lang='lat' dir='ltr'><strong>capessere,</strong></span> <span class='ocrx_word' id='word_1_397' title='bbox 1678 2701 1705 2738; x_wconf 84' lang='lat' dir='ltr'><strong>sa</strong></span> 
     </span>
     <span class='ocr_line' id='line_1_28' title="bbox 128 2755 1704 2854; baseline 0.002 -31"><span class='ocrx_word' id='word_1_398' title='bbox 128 2755 239 2835; x_wconf 64' lang='grc' dir='ltr'>Ἀθηναίων</span> <span class='ocrx_word' id='word_1_399' title='bbox 258 2767 426 2849; x_wconf 80' lang='grc' dir='ltr'>παραδώσειν</span> <span class='ocrx_word' id='word_1_400' title='bbox 448 2767 541 2837; x_wconf 69' lang='grc' dir='ltr'>αὐτοὺς</span> <span class='ocrx_word' id='word_1_401' title='bbox 554 2774 592 2852; x_wconf 84' lang='grc' dir='ltr'><strong>τῷ</strong></span> <span class='ocrx_word' id='word_1_402' title='bbox 606 2770 683 2854; x_wconf 80' lang='grc' dir='ltr'>δήμῳ</span> <span class='ocrx_word' id='word_1_403' title='bbox 699 2777 750 2831; x_wconf 84' lang='grc' dir='ltr'><strong>τῶν</strong></span> <span class='ocrx_word' id='word_1_404' title='bbox 771 2777 876 2853; x_wconf 81' lang='grc' dir='ltr'>Κιρκο-</span> <span class='ocrx_word' id='word_1_405' title='bbox 921 2790 978 2826; x_wconf 82' lang='lat' dir='ltr'><strong>vero</strong></span> <span class='ocrx_word' id='word_1_406' title='bbox 994 2776 1116 2838; x_wconf 77' lang='lat' dir='ltr'><strong>navigium</strong></span> <span class='ocrx_word' id='word_1_407' title='bbox 1131 2776 1228 2838; x_wconf 83' lang='lat' dir='ltr'><strong>aliquod</strong></span> <span class='ocrx_word' id='word_1_408' title='bbox 1244 2780 1430 2839; x_wconf 67' lang='lat' dir='ltr'><strong>praeparaturum</strong></span> <span class='ocrx_word' id='word_1_409' title='bbox 1447 2775 1630 2826; x_wconf 79' lang='lat' dir='ltr'><strong>Atheniensium</strong></span> <span class='ocrx_word' id='word_1_410' title='bbox 1640 2775 1704 2826; x_wconf 77' lang='lat' dir='ltr'><strong>euhn</strong></span> 
     </span>
     <span class='ocr_line' id='line_1_29' title="bbox 128 2848 1548 2927; baseline 0.001 -18"><span class='ocrx_word' id='word_1_411' title='bbox 128 2848 193 2926; x_wconf 77' lang='grc' dir='ltr'>μίαν.</span> <span class='ocrx_word' id='word_1_412' title='bbox 920 2863 995 2913; x_wconf 89' lang='lat' dir='ltr'><strong>duces</strong></span> <span class='ocrx_word' id='word_1_413' title='bbox 1008 2864 1073 2927; x_wconf 90' lang='lat' dir='ltr'><strong>ipsos</strong></span> <span class='ocrx_word' id='word_1_414' title='bbox 1085 2863 1173 2926; x_wconf 93' lang='lat' dir='ltr'><strong>populo</strong></span> <span class='ocrx_word' id='word_1_415' title='bbox 1184 2867 1310 2925; x_wconf 79' lang='lat' dir='ltr'><strong>Corcyraeo</strong></span> <span class='ocrx_word' id='word_1_416' title='bbox 1321 2861 1415 2912; x_wconf 81' lang='lat' dir='ltr'><strong>beders</strong></span> <span class='ocrx_word' id='word_1_417' title='bbox 1425 2864 1548 2912; x_wconf 88' lang='lat' dir='ltr'><strong>statuisse.</strong></span> 
     </span>
    </p>

    <p class='ocr_par' dir='ltr' id='par_1_4' title="bbox 112 2939 1706 4346">
     <span class='ocr_line' id='line_1_30' title="bbox 152 2939 1704 3028; baseline 0.003 -26"><span class='ocrx_word' id='word_1_418' title='bbox 152 2939 249 3004; x_wconf 80' lang='lat' dir='ltr'><strong>llvll.</strong></span> <span class='ocrx_word' id='word_1_419' title='bbox 271 2942 320 3011; x_wconf 80' lang='grc' dir='ltr'>Ὡς</span> <span class='ocrx_word' id='word_1_420' title='bbox 341 2942 369 3003; x_wconf 87' lang='grc' dir='ltr'>δέ</span> <span class='ocrx_word' id='word_1_421' title='bbox 390 2943 498 3004; x_wconf 80' lang='grc' dir='ltr'>ἔπεισαν</span> <span class='ocrx_word' id='word_1_422' title='bbox 521 2946 566 3006; x_wconf 83' lang='grc' dir='ltr'><strong>καί</strong></span> <span class='ocrx_word' id='word_1_423' title='bbox 592 2949 822 3028; x_wconf 80' lang='grc' dir='ltr'>μηχανησαμένων</span> <span class='ocrx_word' id='word_1_424' title='bbox 848 2952 878 3011; x_wconf 74' lang='lat' dir='ltr'><strong>ab</strong></span> <span class='ocrx_word' id='word_1_425' title='bbox 951 2961 1047 3010; x_wconf 81' lang='lat' dir='ltr'><strong>xbvll.</strong></span> <span class='ocrx_word' id='word_1_426' title='bbox 1065 2959 1136 3017; x_wconf 88' lang='lat' dir='ltr'><strong>Quod</strong></span> <span class='ocrx_word' id='word_1_427' title='bbox 1148 2972 1223 3023; x_wconf 92' lang='lat' dir='ltr'><strong>quum</strong></span> <span class='ocrx_word' id='word_1_428' title='bbox 1239 2958 1286 3008; x_wconf 90' lang='lat' dir='ltr'><strong>illis</strong></span> <span class='ocrx_word' id='word_1_429' title='bbox 1298 2959 1519 3021; x_wconf 88' lang='lat' dir='ltr'><strong>persuasissent,et</strong></span> <span class='ocrx_word' id='word_1_430' title='bbox 1528 2959 1651 3021; x_wconf 83' lang='lat' dir='ltr'><strong>navigium</strong></span> <span class='ocrx_word' id='word_1_431' title='bbox 1661 2970 1704 3021; x_wconf 90' lang='lat' dir='ltr'><strong>per</strong></span> 
     </span>
     <span class='ocr_line' id='line_1_31' title="bbox 126 3023 1703 3114; baseline 0.004 -26"><span class='ocrx_word' id='word_1_432' title='bbox 126 3023 190 3086; x_wconf 64' lang='grc' dir='ltr'>τλαῖεν</span> <span class='ocrx_word' id='word_1_433' title='bbox 204 3031 355 3100; x_wconf 77' lang='grc' dir='ltr'>ἐκπλέοντες</span> <span class='ocrx_word' id='word_1_434' title='bbox 366 3032 529 3114; x_wconf 77' lang='grc' dir='ltr'>ἐλήφθησαν,</span> <span class='ocrx_word' id='word_1_435' title='bbox 543 3034 664 3096; x_wconf 80' lang='grc' dir='ltr'>ἐλέλυντό</span> <span class='ocrx_word' id='word_1_436' title='bbox 681 3061 709 3096; x_wconf 90' lang='grc' dir='ltr'><strong>τε</strong></span> <span class='ocrx_word' id='word_1_437' title='bbox 724 3041 752 3098; x_wconf 83' lang='grc' dir='ltr'><strong>αἱ</strong></span> <span class='ocrx_word' id='word_1_438' title='bbox 767 3040 877 3098; x_wconf 81' lang='grc' dir='ltr'>σπονδαί</span> <span class='ocrx_word' id='word_1_439' title='bbox 922 3047 1021 3097; x_wconf 89' lang='lat' dir='ltr'><strong>insidias</strong></span> <span class='ocrx_word' id='word_1_440' title='bbox 1032 3056 1169 3109; x_wconf 87' lang='lat' dir='ltr'><strong>parassem,</strong></span> <span class='ocrx_word' id='word_1_441' title='bbox 1185 3046 1218 3095; x_wconf 90' lang='lat' dir='ltr'><strong>illi</strong></span> <span class='ocrx_word' id='word_1_442' title='bbox 1232 3045 1386 3096; x_wconf 83' lang='lat' dir='ltr'><strong>discedentes</strong></span> <span class='ocrx_word' id='word_1_443' title='bbox 1399 3045 1524 3108; x_wconf 82' lang='lat' dir='ltr'><strong>intercepti</strong></span> <span class='ocrx_word' id='word_1_444' title='bbox 1539 3048 1611 3106; x_wconf 87' lang='lat' dir='ltr'><strong>sunt,</strong></span> <span class='ocrx_word' id='word_1_445' title='bbox 1630 3050 1703 3108; x_wconf 87' lang='lat' dir='ltr'><strong>atque</strong></span> 
     </span>
     <span class='ocr_line' id='line_1_32' title="bbox 126 3111 1704 3206; baseline 0.003 -30"><span class='ocrx_word' id='word_1_446' title='bbox 126 3111 208 3184; x_wconf 74' lang='grc' dir='ltr'>Ιαίτοῑς</span> <span class='ocrx_word' id='word_1_447' title='bbox 221 3119 394 3201; x_wconf 82' lang='grc' dir='ltr'>Κερκυραίοις</span> <span class='ocrx_word' id='word_1_448' title='bbox 407 3121 578 3201; x_wconf 83' lang='grc' dir='ltr'>παρεδέδοντο</span> <span class='ocrx_word' id='word_1_449' title='bbox 588 3127 611 3183; x_wconf 81' lang='grc' dir='ltr'><strong>υἱ</strong></span> <span class='ocrx_word' id='word_1_450' title='bbox 623 3124 728 3194; x_wconf 88' lang='grc' dir='ltr'>πάντες.</span> <span class='ocrx_word' id='word_1_451' title='bbox 762 3128 793 3206; x_wconf 82' lang='grc' dir='ltr'><strong>(α)</strong></span> <span class='ocrx_word' id='word_1_452' title='bbox 808 3130 878 3188; x_wconf 82' lang='grc' dir='ltr'>Ξυν-</span> <span class='ocrx_word' id='word_1_453' title='bbox 922 3135 981 3185; x_wconf 87' lang='lat' dir='ltr'><strong>fides</strong></span> <span class='ocrx_word' id='word_1_454' title='bbox 997 3135 1053 3184; x_wconf 89' lang='lat' dir='ltr'><strong>data</strong></span> <span class='ocrx_word' id='word_1_455' title='bbox 1067 3139 1126 3184; x_wconf 91' lang='lat' dir='ltr'><strong>tuuc</strong></span> <span class='ocrx_word' id='word_1_456' title='bbox 1142 3134 1208 3184; x_wconf 88' lang='lat' dir='ltr'><strong>irrita</strong></span> <span class='ocrx_word' id='word_1_457' title='bbox 1223 3138 1248 3184; x_wconf 87' lang='lat' dir='ltr'><strong>el</strong></span> <span class='ocrx_word' id='word_1_458' title='bbox 1259 3133 1364 3184; x_wconf 82' lang='lat' dir='ltr'><strong>universi</strong></span> <span class='ocrx_word' id='word_1_459' title='bbox 1380 3133 1468 3196; x_wconf 88' lang='lat' dir='ltr'><strong>populo</strong></span> <span class='ocrx_word' id='word_1_460' title='bbox 1481 3137 1608 3195; x_wconf 75' lang='lat' dir='ltr'><strong>comprssu</strong></span> <span class='ocrx_word' id='word_1_461' title='bbox 1623 3132 1704 3182; x_wconf 84' lang='lat' dir='ltr'><strong>traditi</strong></span> 
     </span>
     <span class='ocr_line' id='line_1_33' title="bbox 125 3201 1705 3299; baseline 0.003 -34"><span class='ocrx_word' id='word_1_462' title='bbox 125 3201 222 3266; x_wconf 71' lang='grc' dir='ltr'>θίθαντυ</span> <span class='ocrx_word' id='word_1_463' title='bbox 244 3206 273 3266; x_wconf 86' lang='grc' dir='ltr'>δέ</span> <span class='ocrx_word' id='word_1_464' title='bbox 293 3214 340 3267; x_wconf 83' lang='grc' dir='ltr'><strong>τοῦ</strong></span> <span class='ocrx_word' id='word_1_465' title='bbox 356 3209 474 3268; x_wconf 80' lang='grc' dir='ltr'>τοιούτου</span> <span class='ocrx_word' id='word_1_466' title='bbox 496 3213 545 3291; x_wconf 85' lang='grc' dir='ltr'><strong>οὐχ</strong></span> <span class='ocrx_word' id='word_1_467' title='bbox 564 3211 676 3291; x_wconf 81' lang='grc' dir='ltr'>ἥκιστα,</span> <span class='ocrx_word' id='word_1_468' title='bbox 695 3213 764 3275; x_wconf 82' lang='grc' dir='ltr'>ὥστε</span> <span class='ocrx_word' id='word_1_469' title='bbox 780 3219 877 3299; x_wconf 78' lang='grc' dir='ltr'>ἀκριόῆ</span> <span class='ocrx_word' id='word_1_470' title='bbox 921 3227 996 3274; x_wconf 82' lang='lat' dir='ltr'><strong>eraut.</strong></span> <span class='ocrx_word' id='word_1_471' title='bbox 1030 3225 1064 3286; x_wconf 79' lang='lat' dir='ltr'><strong>(t)</strong></span> <span class='ocrx_word' id='word_1_472' title='bbox 1074 3222 1112 3272; x_wconf 90' lang='lat' dir='ltr'><strong>Ad</strong></span> <span class='ocrx_word' id='word_1_473' title='bbox 1120 3223 1182 3271; x_wconf 92' lang='lat' dir='ltr'><strong>hanc</strong></span> <span class='ocrx_word' id='word_1_474' title='bbox 1193 3227 1273 3271; x_wconf 89' lang='lat' dir='ltr'><strong>autern</strong></span> <span class='ocrx_word' id='word_1_475' title='bbox 1285 3234 1335 3271; x_wconf 92' lang='lat' dir='ltr'><strong>rem</strong></span> <span class='ocrx_word' id='word_1_476' title='bbox 1345 3220 1503 3284; x_wconf 81' lang='lat' dir='ltr'><strong>peragendam</strong></span> <span class='ocrx_word' id='word_1_477' title='bbox 1513 3221 1537 3269; x_wconf 92' lang='lat' dir='ltr'><strong>in</strong></span> <span class='ocrx_word' id='word_1_478' title='bbox 1547 3221 1630 3284; x_wconf 89' lang='lat' dir='ltr'><strong>primis</strong></span> <span class='ocrx_word' id='word_1_479' title='bbox 1641 3220 1705 3282; x_wconf 82' lang='lat' dir='ltr'><strong>adiu·</strong></span> 
     </span>
     <span class='ocr_line' id='line_1_34' title="bbox 124 3287 1705 3381; baseline -0.002 -22"><span class='ocrx_word' id='word_1_480' title='bbox 124 3287 294 3378; x_wconf 59' lang='grc' dir='ltr'><strong>1θπροάασιν</strong></span> <span class='ocrx_word' id='word_1_481' title='bbox 311 3297 432 3376; x_wconf 78' lang='grc' dir='ltr'>γενέσθαι</span> <span class='ocrx_word' id='word_1_482' title='bbox 447 3299 560 3368; x_wconf 79' lang='grc' dir='ltr'>καὶτοὺς</span> <span class='ocrx_word' id='word_1_483' title='bbox 577 3304 785 3381; x_wconf 81' lang='grc' dir='ltr'>τεχνησαμένοος</span> <span class='ocrx_word' id='word_1_484' title='bbox 802 3308 878 3366; x_wconf 72' lang='grc' dir='ltr'>ἀδεέ-</span> <span class='ocrx_word' id='word_1_485' title='bbox 922 3317 1023 3370; x_wconf 87' lang='lat' dir='ltr'><strong>rerunt,</strong></span> <span class='ocrx_word' id='word_1_486' title='bbox 1037 3316 1065 3359; x_wconf 92' lang='lat' dir='ltr'><strong>ut</strong></span> <span class='ocrx_word' id='word_1_487' title='bbox 1078 3310 1176 3359; x_wconf 89' lang='lat' dir='ltr'><strong>minime</strong></span> <span class='ocrx_word' id='word_1_488' title='bbox 1188 3308 1277 3357; x_wconf 90' lang='lat' dir='ltr'><strong>dubius</strong></span> <span class='ocrx_word' id='word_1_489' title='bbox 1287 3311 1420 3371; x_wconf 75' lang='lat' dir='ltr'><strong>praetextus</strong></span> <span class='ocrx_word' id='word_1_490' title='bbox 1431 3307 1551 3357; x_wconf 84' lang='lat' dir='ltr'><strong>rideretur</strong></span> <span class='ocrx_word' id='word_1_491' title='bbox 1560 3313 1585 3357; x_wconf 89' lang='lat' dir='ltr'><strong>et</strong></span> <span class='ocrx_word' id='word_1_492' title='bbox 1597 3305 1705 3356; x_wconf 81' lang='lat' dir='ltr'><strong>fraudem</strong></span> 
     </span>
     <span class='ocr_line' id='line_1_35' title="bbox 122 3387 1704 3469; baseline 0.003 -31"><span class='ocrx_word' id='word_1_493' title='bbox 122 3398 190 3460; x_wconf 84' lang='grc' dir='ltr'>ατιρον</span> <span class='ocrx_word' id='word_1_494' title='bbox 203 3387 368 3466; x_wconf 78' lang='grc' dir='ltr'>ἐγχειρῆσαι,</span> <span class='ocrx_word' id='word_1_495' title='bbox 380 3390 404 3446; x_wconf 84' lang='grc' dir='ltr'>οί</span> <span class='ocrx_word' id='word_1_496' title='bbox 415 3389 556 3469; x_wconf 85' lang='grc' dir='ltr'>στρατηγοί</span> <span class='ocrx_word' id='word_1_497' title='bbox 571 3393 620 3448; x_wconf 87' lang='grc' dir='ltr'><strong>τῶν</strong></span> <span class='ocrx_word' id='word_1_498' title='bbox 634 3391 782 3467; x_wconf 78' lang='grc' dir='ltr'>Ἀθηναίων,</span> <span class='ocrx_word' id='word_1_499' title='bbox 795 3397 877 3455; x_wconf 70' lang='grc' dir='ltr'>κατά.</span> <span class='ocrx_word' id='word_1_500' title='bbox 922 3398 1050 3448; x_wconf 89' lang='lat' dir='ltr'><strong>commenti</strong></span> <span class='ocrx_word' id='word_1_501' title='bbox 1057 3396 1307 3446; x_wconf 84' lang='lat' dir='ltr'><strong>confidentiusconata</strong></span> <span class='ocrx_word' id='word_1_502' title='bbox 1312 3394 1460 3458; x_wconf 89' lang='lat' dir='ltr'><strong>perlicerent,</strong></span> <span class='ocrx_word' id='word_1_503' title='bbox 1467 3394 1514 3456; x_wconf 90' lang='lat' dir='ltr'><strong>ipsi</strong></span> <span class='ocrx_word' id='word_1_504' title='bbox 1524 3393 1704 3443; x_wconf 85' lang='lat' dir='ltr'><strong>Atheniensium</strong></span> 
     </span>
     <span class='ocr_line' id='line_1_36' title="bbox 121 3465 1705 3557; baseline -0.005 -19"><span class='ocrx_word' id='word_1_505' title='bbox 121 3465 175 3538; x_wconf 63' lang='grc' dir='ltr'>ίθαι</span> <span class='ocrx_word' id='word_1_506' title='bbox 191 3471 262 3540; x_wconf 62' lang='grc' dir='ltr'>ὄντες</span> <span class='ocrx_word' id='word_1_507' title='bbox 276 3471 337 3541; x_wconf 75' lang='grc' dir='ltr'>τοὺς</span> <span class='ocrx_word' id='word_1_508' title='bbox 356 3475 450 3554; x_wconf 76' lang='grc' dir='ltr'>ἄνδρας</span> <span class='ocrx_word' id='word_1_509' title='bbox 469 3476 505 3554; x_wconf 84' lang='grc' dir='ltr'>μή</span> <span class='ocrx_word' id='word_1_510' title='bbox 526 3476 557 3534; x_wconf 83' lang='grc' dir='ltr'>ἂν</span> <span class='ocrx_word' id='word_1_511' title='bbox 577 3478 714 3557; x_wconf 85' lang='grc' dir='ltr'>βούλεσθαι</span> <span class='ocrx_word' id='word_1_512' title='bbox 733 3484 777 3541; x_wconf 79' lang='grc' dir='ltr'><strong>ὑπ’</strong></span> <span class='ocrx_word' id='word_1_513' title='bbox 792 3484 878 3544; x_wconf 75' lang='grc' dir='ltr'>ἄλλων</span> <span class='ocrx_word' id='word_1_514' title='bbox 923 3486 1013 3545; x_wconf 85' lang='lat' dir='ltr'><strong>duces,</strong></span> <span class='ocrx_word' id='word_1_515' title='bbox 1030 3498 1092 3548; x_wconf 91' lang='lat' dir='ltr'><strong>quos</strong></span> <span class='ocrx_word' id='word_1_516' title='bbox 1104 3484 1257 3534; x_wconf 77' lang='lat' dir='ltr'><strong>manifestum</strong></span> <span class='ocrx_word' id='word_1_517' title='bbox 1268 3488 1318 3532; x_wconf 90' lang='lat' dir='ltr'><strong>erat</strong></span> <span class='ocrx_word' id='word_1_518' title='bbox 1329 3483 1393 3532; x_wconf 92' lang='lat' dir='ltr'><strong>nolle</strong></span> <span class='ocrx_word' id='word_1_519' title='bbox 1409 3482 1473 3530; x_wconf 82' lang='lat' dir='ltr'><strong>viros</strong></span> <span class='ocrx_word' id='word_1_520' title='bbox 1486 3481 1546 3531; x_wconf 89' lang='lat' dir='ltr'><strong>istos</strong></span> <span class='ocrx_word' id='word_1_521' title='bbox 1556 3480 1705 3544; x_wconf 81' lang='lat' dir='ltr'><strong>captivoseb</strong></span> 
     </span>
     <span class='ocr_line' id='line_1_37' title="bbox 119 3559 1704 3652; baseline -0.003 -32"><span class='ocrx_word' id='word_1_522' title='bbox 119 3559 284 3634; x_wconf 61' lang='grc' dir='ltr'>θυμωθέντας,</span> <span class='ocrx_word' id='word_1_523' title='bbox 294 3561 360 3620; x_wconf 87' lang='grc' dir='ltr'>διότι</span> <span class='ocrx_word' id='word_1_524' title='bbox 374 3564 447 3622; x_wconf 76' lang='grc' dir='ltr'>αὐτοὶ</span> <span class='ocrx_word' id='word_1_525' title='bbox 459 3567 485 3631; x_wconf 89' lang='grc' dir='ltr'>ἐς</span> <span class='ocrx_word' id='word_1_526' title='bbox 495 3566 616 3624; x_wconf 88' lang='grc' dir='ltr'>Σικελίαν</span> <span class='ocrx_word' id='word_1_527' title='bbox 627 3567 728 3642; x_wconf 85' lang='grc' dir='ltr'>ἔπλεον,</span> <span class='ocrx_word' id='word_1_528' title='bbox 740 3570 788 3643; x_wconf 73' lang='grc' dir='ltr'><strong>τήν</strong></span> <span class='ocrx_word' id='word_1_529' title='bbox 799 3574 879 3652; x_wconf 76' lang='grc' dir='ltr'>τιμὴν</span> <span class='ocrx_word' id='word_1_530' title='bbox 923 3573 975 3622; x_wconf 86' lang='lat' dir='ltr'><strong>aliis</strong></span> <span class='ocrx_word' id='word_1_531' title='bbox 986 3573 1092 3622; x_wconf 88' lang='lat' dir='ltr'><strong>Athenas</strong></span> <span class='ocrx_word' id='word_1_532' title='bbox 1101 3571 1207 3632; x_wconf 89' lang='lat' dir='ltr'><strong>delatos,</strong></span> <span class='ocrx_word' id='word_1_533' title='bbox 1218 3571 1332 3633; x_wconf 85' lang='lat' dir='ltr'><strong>quoniam</strong></span> <span class='ocrx_word' id='word_1_534' title='bbox 1341 3570 1388 3633; x_wconf 90' lang='lat' dir='ltr'><strong>ipsi</strong></span> <span class='ocrx_word' id='word_1_535' title='bbox 1397 3570 1422 3619; x_wconf 89' lang='lat' dir='ltr'><strong>in</strong></span> <span class='ocrx_word' id='word_1_536' title='bbox 1433 3568 1537 3619; x_wconf 86' lang='lat' dir='ltr'><strong>siciliam</strong></span> <span class='ocrx_word' id='word_1_537' title='bbox 1548 3569 1704 3631; x_wconf 78' lang='lat' dir='ltr'><strong>navigabunt,</strong></span> 
     </span>
     <span class='ocr_line' id='line_1_38' title="bbox 117 3646 1704 3736; baseline 0.002 -34"><span class='ocrx_word' id='word_1_538' title='bbox 117 3646 157 3713; x_wconf 81' lang='grc' dir='ltr'>ταῖς</span> <span class='ocrx_word' id='word_1_539' title='bbox 171 3649 261 3725; x_wconf 80' lang='grc' dir='ltr'>ἄγουσι</span> <span class='ocrx_word' id='word_1_540' title='bbox 280 3655 467 3730; x_wconf 74' lang='grc' dir='ltr'>προσποιῆςαι,</span> <span class='ocrx_word' id='word_1_541' title='bbox 509 3653 879 3736; x_wconf 66' lang='grc' dir='ltr'>(α)11αραλα6όυτςςδὲαῦ.</span> <span class='ocrx_word' id='word_1_542' title='bbox 923 3660 997 3710; x_wconf 86' lang='lat' dir='ltr'><strong>decus</strong></span> <span class='ocrx_word' id='word_1_543' title='bbox 1007 3664 1032 3709; x_wconf 92' lang='lat' dir='ltr'><strong>et</strong></span> <span class='ocrx_word' id='word_1_544' title='bbox 1042 3659 1139 3721; x_wconf 85' lang='lat' dir='ltr'><strong>gloriam</strong></span> <span class='ocrx_word' id='word_1_545' title='bbox 1150 3659 1196 3708; x_wconf 90' lang='lat' dir='ltr'><strong>illis</strong></span> <span class='ocrx_word' id='word_1_546' title='bbox 1207 3671 1358 3721; x_wconf 87' lang='lat' dir='ltr'><strong>comparare,</strong></span> <span class='ocrx_word' id='word_1_547' title='bbox 1371 3658 1413 3720; x_wconf 94' lang='lat' dir='ltr'><strong>qui</strong></span> <span class='ocrx_word' id='word_1_548' title='bbox 1424 3670 1466 3706; x_wconf 91' lang='lat' dir='ltr'><strong>eos</strong></span> <span class='ocrx_word' id='word_1_549' title='bbox 1476 3656 1532 3705; x_wconf 91' lang='lat' dir='ltr'><strong>illuc</strong></span> <span class='ocrx_word' id='word_1_550' title='bbox 1543 3654 1704 3719; x_wconf 88' lang='lat' dir='ltr'><strong>deportarent.</strong></span> 
     </span>
     <span class='ocr_line' id='line_1_39' title="bbox 114 3733 1705 3828; baseline 0 -36"><span class='ocrx_word' id='word_1_551' title='bbox 114 3733 201 3801; x_wconf 69' lang='grc' dir='ltr'>ταίςοί</span> <span class='ocrx_word' id='word_1_552' title='bbox 226 3739 384 3818; x_wconf 81' lang='grc' dir='ltr'>Κερκυραῖοι</span> <span class='ocrx_word' id='word_1_553' title='bbox 407 3742 433 3806; x_wconf 86' lang='grc' dir='ltr'>ἐς</span> <span class='ocrx_word' id='word_1_554' title='bbox 456 3740 554 3819; x_wconf 82' lang='grc' dir='ltr'>οἴκημα</span> <span class='ocrx_word' id='word_1_555' title='bbox 578 3743 646 3821; x_wconf 87' lang='grc' dir='ltr'>μέγα</span> <span class='ocrx_word' id='word_1_556' title='bbox 667 3746 814 3828; x_wconf 79' lang='grc' dir='ltr'>καθεῖρξαν,</span> <span class='ocrx_word' id='word_1_557' title='bbox 834 3749 879 3808; x_wconf 73' lang='grc' dir='ltr'><strong>καὶ</strong></span> <span class='ocrx_word' id='word_1_558' title='bbox 925 3749 1109 3810; x_wconf 79' lang='grc' dir='ltr'>(31Ηοοαυῑειιτ</span> <span class='ocrx_word' id='word_1_559' title='bbox 1121 3745 1490 3809; x_wconf 81' lang='lat' dir='ltr'><strong>acceptoscorcyraellnmngno</strong></span> <span class='ocrx_word' id='word_1_560' title='bbox 1499 3744 1705 3794; x_wconf 86' lang='lat' dir='ltr'><strong>aedificioconclu·</strong></span> 
     </span>
     <span class='ocr_line' id='line_1_40' title="bbox 114 3818 1705 3911; baseline 0.002 -32"><span class='ocrx_word' id='word_1_561' title='bbox 114 3818 206 3903; x_wconf 79' lang='grc' dir='ltr'>ὕστερον</span> <span class='ocrx_word' id='word_1_562' title='bbox 216 3822 425 3901; x_wconf 79' lang='grc' dir='ltr'>ἐξάγοντεςκατδ</span> <span class='ocrx_word' id='word_1_563' title='bbox 436 3826 531 3886; x_wconf 84' lang='grc' dir='ltr'>εἴκοσιν</span> <span class='ocrx_word' id='word_1_564' title='bbox 542 3829 637 3911; x_wconf 83' lang='grc' dir='ltr'>ἄνδρας</span> <span class='ocrx_word' id='word_1_565' title='bbox 651 3833 737 3908; x_wconf 79' lang='grc' dir='ltr'>διῆγον</span> <span class='ocrx_word' id='word_1_566' title='bbox 753 3833 796 3891; x_wconf 79' lang='grc' dir='ltr'><strong>διὰ</strong></span> <span class='ocrx_word' id='word_1_567' title='bbox 810 3836 879 3894; x_wconf 71' lang='grc' dir='ltr'>δυοῖν</span> <span class='ocrx_word' id='word_1_568' title='bbox 924 3840 1019 3895; x_wconf 86' lang='lat' dir='ltr'><strong>serunt,</strong></span> <span class='ocrx_word' id='word_1_569' title='bbox 1033 3839 1058 3885; x_wconf 87' lang='lat' dir='ltr'><strong>et</strong></span> <span class='ocrx_word' id='word_1_570' title='bbox 1071 3839 1154 3898; x_wconf 81' lang='lat' dir='ltr'><strong>postea</strong></span> <span class='ocrx_word' id='word_1_571' title='bbox 1164 3847 1206 3883; x_wconf 89' lang='lat' dir='ltr'><strong>eos</strong></span> <span class='ocrx_word' id='word_1_572' title='bbox 1217 3833 1317 3883; x_wconf 88' lang='lat' dir='ltr'><strong>eductos</strong></span> <span class='ocrx_word' id='word_1_573' title='bbox 1335 3833 1430 3882; x_wconf 81' lang='lat' dir='ltr'><strong>vicenos</strong></span> <span class='ocrx_word' id='word_1_574' title='bbox 1442 3831 1598 3881; x_wconf 84' lang='lat' dir='ltr'><strong>traducebant</strong></span> <span class='ocrx_word' id='word_1_575' title='bbox 1609 3831 1705 3882; x_wconf 88' lang='lat' dir='ltr'><strong>medios</strong></span> 
     </span>
     <span class='ocr_line' id='line_1_41' title="bbox 113 3910 1705 4000; baseline -0.006 -22"><span class='ocrx_word' id='word_1_576' title='bbox 113 3910 213 3989; x_wconf 56' lang='grc' dir='ltr'>Μίκων</span> <span class='ocrx_word' id='word_1_577' title='bbox 223 3913 502 3994; x_wconf 68' lang='grc' dir='ltr'>θπδῑτῶνέκατὲραιθεν</span> <span class='ocrx_word' id='word_1_578' title='bbox 514 3919 762 3997; x_wconf 81' lang='grc' dir='ltr'>παρατεταγμένων,</span> <span class='ocrx_word' id='word_1_579' title='bbox 774 3922 879 4000; x_wconf 80' lang='grc' dir='ltr'>δεδεμέ.</span> <span class='ocrx_word' id='word_1_580' title='bbox 924 3937 966 3986; x_wconf 92' lang='lat' dir='ltr'><strong>per</strong></span> <span class='ocrx_word' id='word_1_581' title='bbox 974 3923 1043 3972; x_wconf 90' lang='lat' dir='ltr'><strong>binos</strong></span> <span class='ocrx_word' id='word_1_582' title='bbox 1053 3923 1148 3971; x_wconf 87' lang='lat' dir='ltr'><strong>ordines</strong></span> <span class='ocrx_word' id='word_1_583' title='bbox 1156 3922 1258 3970; x_wconf 88' lang='lat' dir='ltr'><strong>militum</strong></span> <span class='ocrx_word' id='word_1_584' title='bbox 1266 3921 1466 3983; x_wconf 88' lang='lat' dir='ltr'><strong>armatorum‚qui</strong></span> <span class='ocrx_word' id='word_1_585' title='bbox 1473 3919 1589 3970; x_wconf 88' lang='lat' dir='ltr'><strong>hincinde</strong></span> <span class='ocrx_word' id='word_1_586' title='bbox 1595 3920 1705 3969; x_wconf 91' lang='lat' dir='ltr'><strong>instructi</strong></span> 
     </span>
     <span class='ocr_line' id='line_1_42' title="bbox 112 3999 1706 4086; baseline 0.002 -30"><span class='ocrx_word' id='word_1_587' title='bbox 112 4017 160 4064; x_wconf 77' lang='grc' dir='ltr'>ναις</span> <span class='ocrx_word' id='word_1_588' title='bbox 171 4021 200 4056; x_wconf 85' lang='grc' dir='ltr'><strong>τε</strong></span> <span class='ocrx_word' id='word_1_589' title='bbox 218 3999 282 4078; x_wconf 76' lang='grc' dir='ltr'>πρὸς</span> <span class='ocrx_word' id='word_1_590' title='bbox 296 4000 425 4072; x_wconf 83' lang='grc' dir='ltr'>ἀλλήλους</span> <span class='ocrx_word' id='word_1_591' title='bbox 442 4002 487 4061; x_wconf 87' lang='grc' dir='ltr'><strong>καί</strong></span> <span class='ocrx_word' id='word_1_592' title='bbox 506 4003 661 4080; x_wconf 83' lang='grc' dir='ltr'>παιομένους</span> <span class='ocrx_word' id='word_1_593' title='bbox 675 4006 721 4064; x_wconf 83' lang='grc' dir='ltr'><strong>καί</strong></span> <span class='ocrx_word' id='word_1_594' title='bbox 740 4009 880 4086; x_wconf 81' lang='grc' dir='ltr'>κεντουμέ-</span> <span class='ocrx_word' id='word_1_595' title='bbox 923 4015 1004 4072; x_wconf 86' lang='lat' dir='ltr'><strong>crant,</strong></span> <span class='ocrx_word' id='word_1_596' title='bbox 1018 4016 1043 4059; x_wconf 88' lang='lat' dir='ltr'><strong>et</strong></span> <span class='ocrx_word' id='word_1_597' title='bbox 1062 4010 1103 4072; x_wconf 90' lang='lat' dir='ltr'><strong>qui</strong></span> <span class='ocrx_word' id='word_1_598' title='bbox 1121 4024 1163 4059; x_wconf 87' lang='lat' dir='ltr'><strong>eos</strong></span> <span class='ocrx_word' id='word_1_599' title='bbox 1186 4009 1289 4058; x_wconf 78' lang='lat' dir='ltr'><strong>interae</strong></span> <span class='ocrx_word' id='word_1_600' title='bbox 1305 4007 1429 4070; x_wconf 78' lang='lat' dir='ltr'><strong>colligatos</strong></span> <span class='ocrx_word' id='word_1_601' title='bbox 1445 4009 1527 4056; x_wconf 82' lang='lat' dir='ltr'><strong>caesim</strong></span> <span class='ocrx_word' id='word_1_602' title='bbox 1548 4008 1706 4071; x_wconf 76' lang='lat' dir='ltr'><strong>punctimque</strong></span> 
     </span>
     <span class='ocr_line' id='line_1_43' title="bbox 113 4086 1704 4169; baseline -0.002 -22"><span class='ocrx_word' id='word_1_603' title='bbox 113 4105 161 4151; x_wconf 71' lang='lat' dir='ltr'><strong>ms</strong></span> <span class='ocrx_word' id='word_1_604' title='bbox 179 4086 230 4144; x_wconf 72' lang='grc' dir='ltr'><strong>ὐπὸ</strong></span> <span class='ocrx_word' id='word_1_605' title='bbox 249 4092 301 4145; x_wconf 83' lang='grc' dir='ltr'><strong>τῶν</strong></span> <span class='ocrx_word' id='word_1_606' title='bbox 322 4090 570 4169; x_wconf 83' lang='grc' dir='ltr'>παρατεταγμένων,</span> <span class='ocrx_word' id='word_1_607' title='bbox 594 4091 618 4150; x_wconf 86' lang='grc' dir='ltr'><strong>εί</strong></span> <span class='ocrx_word' id='word_1_608' title='bbox 641 4095 691 4153; x_wconf 78' lang='grc' dir='ltr'><strong>πού</strong></span> <span class='ocrx_word' id='word_1_609' title='bbox 709 4095 747 4162; x_wconf 75' lang='grc' dir='ltr'><strong>τίς</strong></span> <span class='ocrx_word' id='word_1_610' title='bbox 758 4120 816 4155; x_wconf 65' lang='grc' dir='ltr'>τινα</span> <span class='ocrx_word' id='word_1_611' title='bbox 830 4098 879 4158; x_wconf 60' lang='grc' dir='ltr'>ἴδοι</span> <span class='ocrx_word' id='word_1_612' title='bbox 924 4098 1094 4158; x_wconf 87' lang='lat' dir='ltr'><strong>vulnerabant,</strong></span> <span class='ocrx_word' id='word_1_613' title='bbox 1107 4097 1182 4146; x_wconf 87' lang='lat' dir='ltr'><strong>sicubi</strong></span> <span class='ocrx_word' id='word_1_614' title='bbox 1194 4098 1249 4159; x_wconf 92' lang='lat' dir='ltr'><strong>quis</strong></span> <span class='ocrx_word' id='word_1_615' title='bbox 1260 4109 1331 4145; x_wconf 90' lang='lat' dir='ltr'><strong>suum</strong></span> <span class='ocrx_word' id='word_1_616' title='bbox 1344 4095 1467 4144; x_wconf 86' lang='lat' dir='ltr'><strong>inimicum</strong></span> <span class='ocrx_word' id='word_1_617' title='bbox 1480 4095 1583 4158; x_wconf 87' lang='lat' dir='ltr'><strong>aliquem</strong></span> <span class='ocrx_word' id='word_1_618' title='bbox 1599 4095 1704 4158; x_wconf 82' lang='lat' dir='ltr'><strong>aspexis·</strong></span> 
     </span>
     <span class='ocr_line' id='line_1_44' title="bbox 115 4171 1705 4265; baseline 0.011 -37"><span class='ocrx_word' id='word_1_619' title='bbox 115 4171 195 4252; x_wconf 73' lang='grc' dir='ltr'>ἐχθρὸν</span> <span class='ocrx_word' id='word_1_620' title='bbox 208 4177 309 4234; x_wconf 76' lang='grc' dir='ltr'>ἑαυτοῦ·</span> <span class='ocrx_word' id='word_1_621' title='bbox 325 4176 511 4259; x_wconf 62' lang='grc' dir='ltr'>μαστιγοφόροι</span> <span class='ocrx_word' id='word_1_622' title='bbox 528 4203 556 4237; x_wconf 93' lang='grc' dir='ltr'><strong>τε</strong></span> <span class='ocrx_word' id='word_1_623' title='bbox 570 4181 706 4261; x_wconf 87' lang='grc' dir='ltr'>παριόντες</span> <span class='ocrx_word' id='word_1_624' title='bbox 720 4184 879 4265; x_wconf 83' lang='grc' dir='ltr'>ἐπετάχυνον</span> <span class='ocrx_word' id='word_1_625' title='bbox 924 4188 973 4243; x_wconf 65' lang='lat'><strong>⁸013</strong></span> <span class='ocrx_word' id='word_1_626' title='bbox 985 4188 1009 4233; x_wconf 66' lang='grc' dir='ltr'><strong>θλ</strong></span> <span class='ocrx_word' id='word_1_627' title='bbox 1019 4184 1098 4232; x_wconf 64' lang='lat' dir='ltr'><strong>&#39;Ofilii</strong></span> <span class='ocrx_word' id='word_1_628' title='bbox 1114 4188 1284 4246; x_wconf 65' lang='lat' dir='ltr'><strong>Pf⁰⁸⁰il¹¹⁰¹¹i⁰⁸</strong></span> <span class='ocrx_word' id='word_1_629' title='bbox 1300 4196 1341 4233; x_wconf 70' lang='lat'><strong>⁰⁰⁸</strong></span> <span class='ocrx_word' id='word_1_630' title='bbox 1358 4183 1485 4244; x_wconf 57' lang='lat' dir='ltr'><strong>uidebant·</strong></span> <span class='ocrx_word' id='word_1_631' title='bbox 1495 4184 1536 4245; x_wconf 93' lang='lat' dir='ltr'><strong>qui</strong></span> <span class='ocrx_word' id='word_1_632' title='bbox 1550 4181 1641 4232; x_wconf 59' lang='lat' dir='ltr'><strong>‘aldius</strong></span> <span class='ocrx_word' id='word_1_633' title='bbox 1652 4195 1705 4246; x_wconf 64' lang='lat' dir='ltr'><strong>litt&gt;</strong></span> 
     </span>
     <span class='ocr_line' id='line_1_45' title="bbox 116 4261 1085 4346; baseline -0.001 -26"><span class='ocrx_word' id='word_1_634' title='bbox 116 4263 153 4329; x_wconf 71' lang='grc' dir='ltr'><strong>τῆς</strong></span> <span class='ocrx_word' id='word_1_635' title='bbox 161 4262 217 4320; x_wconf 69' lang='lat' dir='ltr'><strong>ted</strong></span> <span class='ocrx_word' id='word_1_636' title='bbox 231 4261 290 4330; x_wconf 80' lang='grc' dir='ltr'>τοὺς</span> <span class='ocrx_word' id='word_1_637' title='bbox 301 4263 469 4346; x_wconf 76' lang='grc' dir='ltr'>σχολαίτερον</span> <span class='ocrx_word' id='word_1_638' title='bbox 480 4263 642 4346; x_wconf 89' lang='grc' dir='ltr'>προσιόντας.</span> <span class='ocrx_word' id='word_1_639' title='bbox 924 4270 1085 4333; x_wconf 82' lang='lat' dir='ltr'><strong>graderentur.</strong></span> 
     </span>
    </p>

    <p class='ocr_par' dir='ltr' id='par_1_5' title="bbox 122 4349 1706 4789">
     <span class='ocr_line' id='line_1_46' title="bbox 150 4349 1705 4432; baseline 0.003 -24"><span class='ocrx_word' id='word_1_640' title='bbox 150 4350 268 4410; x_wconf 81' lang='lat' dir='ltr'><strong>lbi&#39;lll.</strong></span> <span class='ocrx_word' id='word_1_641' title='bbox 291 4349 346 4410; x_wconf 76' lang='grc' dir='ltr'><strong>Καί</strong></span> <span class='ocrx_word' id='word_1_642' title='bbox 361 4352 385 4417; x_wconf 72' lang='grc' dir='ltr'><strong>ἐς</strong></span> <span class='ocrx_word' id='word_1_643' title='bbox 402 4349 450 4428; x_wconf 75' lang='grc' dir='ltr'><strong>μέν</strong></span> <span class='ocrx_word' id='word_1_644' title='bbox 465 4352 558 4432; x_wconf 84' lang='grc' dir='ltr'>ἄνδρας</span> <span class='ocrx_word' id='word_1_645' title='bbox 573 4353 696 4424; x_wconf 84' lang='grc' dir='ltr'>ἐξήκοντα</span> <span class='ocrx_word' id='word_1_646' title='bbox 716 4357 807 4418; x_wconf 78' lang='grc' dir='ltr'>ἔλαθον</span> <span class='ocrx_word' id='word_1_647' title='bbox 823 4358 881 4428; x_wconf 84' lang='grc' dir='ltr'>τοθς</span> <span class='ocrx_word' id='word_1_648' title='bbox 955 4371 1062 4418; x_wconf 81' lang='lat' dir='ltr'><strong>XLVlll.</strong></span> <span class='ocrx_word' id='word_1_649' title='bbox 1079 4372 1157 4429; x_wconf 87' lang='lat' dir='ltr'><strong>Atque</strong></span> <span class='ocrx_word' id='word_1_650' title='bbox 1173 4366 1237 4416; x_wconf 83' lang='lat' dir='ltr'><strong>lrunc</strong></span> <span class='ocrx_word' id='word_1_651' title='bbox 1249 4366 1273 4416; x_wconf 92' lang='lat' dir='ltr'><strong>in</strong></span> <span class='ocrx_word' id='word_1_652' title='bbox 1285 4366 1383 4416; x_wconf 86' lang='lat' dir='ltr'><strong>modum</strong></span> <span class='ocrx_word' id='word_1_653' title='bbox 1397 4366 1499 4416; x_wconf 90' lang='lat' dir='ltr'><strong>eductos</strong></span> <span class='ocrx_word' id='word_1_654' title='bbox 1514 4363 1664 4414; x_wconf 87' lang='lat' dir='ltr'><strong>trucidamnt</strong></span> <span class='ocrx_word' id='word_1_655' title='bbox 1674 4365 1705 4414; x_wconf 89' lang='lat' dir='ltr'><strong>ad</strong></span> 
     </span>
     <span class='ocr_line' id='line_1_47' title="bbox 122 4433 1704 4522; baseline 0.006 -29"><span class='ocrx_word' id='word_1_656' title='bbox 122 4433 142 4511; x_wconf 73' lang='grc' dir='ltr'>ἐν</span> <span class='ocrx_word' id='word_1_657' title='bbox 151 4439 182 4515; x_wconf 73' lang='grc' dir='ltr'><strong>τῷ</strong></span> <span class='ocrx_word' id='word_1_658' title='bbox 192 4437 315 4514; x_wconf 82' lang='grc' dir='ltr'>οἰκήματι</span> <span class='ocrx_word' id='word_1_659' title='bbox 328 4437 413 4520; x_wconf 82' lang='grc' dir='ltr'>τούτῳ</span> <span class='ocrx_word' id='word_1_660' title='bbox 427 4443 464 4520; x_wconf 81' lang='grc' dir='ltr'><strong>τῷ</strong></span> <span class='ocrx_word' id='word_1_661' title='bbox 475 4441 565 4522; x_wconf 84' lang='grc' dir='ltr'>τρόπῳ</span> <span class='ocrx_word' id='word_1_662' title='bbox 577 4441 745 4521; x_wconf 75' lang='grc' dir='ltr'>ἐξαγαγόντες</span> <span class='ocrx_word' id='word_1_663' title='bbox 758 4445 803 4504; x_wconf 83' lang='grc' dir='ltr'><strong>καί</strong></span> <span class='ocrx_word' id='word_1_664' title='bbox 820 4447 880 4504; x_wconf 87' lang='grc' dir='ltr'>διοι-</span> <span class='ocrx_word' id='word_1_665' title='bbox 925 4455 1060 4517; x_wconf 77' lang='lat' dir='ltr'><strong>sexaginta,</strong></span> <span class='ocrx_word' id='word_1_666' title='bbox 1071 4455 1117 4505; x_wconf 68' lang='lat' dir='ltr'><strong>illis</strong></span> <span class='ocrx_word' id='word_1_667' title='bbox 1127 4454 1229 4516; x_wconf 78' lang='lat' dir='ltr'><strong>ignaris,</strong></span> <span class='ocrx_word' id='word_1_668' title='bbox 1239 4455 1281 4518; x_wconf 90' lang='lat' dir='ltr'><strong>qui</strong></span> <span class='ocrx_word' id='word_1_669' title='bbox 1292 4456 1318 4504; x_wconf 91' lang='lat' dir='ltr'><strong>in</strong></span> <span class='ocrx_word' id='word_1_670' title='bbox 1328 4467 1421 4504; x_wconf 87' lang='lat' dir='ltr'><strong>carcere</strong></span> <span class='ocrx_word' id='word_1_671' title='bbox 1435 4454 1519 4517; x_wconf 89' lang='lat' dir='ltr'><strong>reliqui</strong></span> <span class='ocrx_word' id='word_1_672' title='bbox 1530 4457 1598 4502; x_wconf 87' lang='lat' dir='ltr'><strong>erant</strong></span> <span class='ocrx_word' id='word_1_673' title='bbox 1610 4453 1704 4514; x_wconf 82' lang='lat' dir='ltr'><strong>(eristi-</strong></span> 
     </span>
     <span class='ocr_line' id='line_1_48' title="bbox 125 4521 1706 4607; baseline 0.004 -26"><span class='ocrx_word' id='word_1_674' title='bbox 125 4521 249 4601; x_wconf 65' lang='grc' dir='ltr'>γθείριντες</span> <span class='ocrx_word' id='word_1_675' title='bbox 263 4526 270 4580; x_wconf 91' lang='grc' dir='ltr'>ί</span> <span class='ocrx_word' id='word_1_676' title='bbox 278 4524 360 4604; x_wconf 82' lang='grc' dir='ltr'>ᾤοντο</span> <span class='ocrx_word' id='word_1_677' title='bbox 370 4527 421 4604; x_wconf 80' lang='grc' dir='ltr'>γίιρ</span> <span class='ocrx_word' id='word_1_678' title='bbox 437 4528 531 4595; x_wconf 78' lang='grc' dir='ltr'>αὐτοὺς</span> <span class='ocrx_word' id='word_1_679' title='bbox 544 4532 762 4607; x_wconf 84' lang='grc' dir='ltr'>μεταστήσαντάς</span> <span class='ocrx_word' id='word_1_680' title='bbox 772 4556 817 4591; x_wconf 93' lang='grc' dir='ltr'><strong>ποι</strong></span> <span class='ocrx_word' id='word_1_681' title='bbox 829 4533 881 4592; x_wconf 81' lang='grc' dir='ltr'><strong>άλ-</strong></span> <span class='ocrx_word' id='word_1_682' title='bbox 926 4544 1021 4592; x_wconf 73' lang='lat' dir='ltr'><strong>mallant</strong></span> <span class='ocrx_word' id='word_1_683' title='bbox 1035 4544 1112 4603; x_wconf 88' lang='lat' dir='ltr'><strong>enim,</strong></span> <span class='ocrx_word' id='word_1_684' title='bbox 1130 4557 1186 4591; x_wconf 86' lang='lat' dir='ltr'><strong>suos</strong></span> <span class='ocrx_word' id='word_1_685' title='bbox 1199 4545 1276 4592; x_wconf 88' lang='lat' dir='ltr'><strong>socios</strong></span> <span class='ocrx_word' id='word_1_686' title='bbox 1288 4543 1318 4592; x_wconf 90' lang='lat' dir='ltr'><strong>ab</strong></span> <span class='ocrx_word' id='word_1_687' title='bbox 1334 4543 1436 4592; x_wconf 88' lang='lat' dir='ltr'><strong>inimicis</strong></span> <span class='ocrx_word' id='word_1_688' title='bbox 1451 4557 1480 4593; x_wconf 88' lang='grc' dir='ltr'>οκ</span> <span class='ocrx_word' id='word_1_689' title='bbox 1497 4555 1591 4592; x_wconf 82' lang='lat' dir='ltr'><strong>carcere</strong></span> <span class='ocrx_word' id='word_1_690' title='bbox 1605 4541 1706 4590; x_wconf 85' lang='lat' dir='ltr'><strong>eductos</strong></span> 
     </span>
     <span class='ocr_line' id='line_1_49' title="bbox 126 4604 1705 4693; baseline 0.004 -25"><span class='ocrx_word' id='word_1_691' title='bbox 126 4604 170 4663; x_wconf 69' lang='grc' dir='ltr'>λαστ</span> <span class='ocrx_word' id='word_1_692' title='bbox 178 4610 264 4688; x_wconf 83' lang='grc' dir='ltr'>άγειν)·</span> <span class='ocrx_word' id='word_1_693' title='bbox 276 4616 311 4678; x_wconf 84' lang='grc' dir='ltr'>ὡς</span> <span class='ocrx_word' id='word_1_694' title='bbox 323 4611 349 4670; x_wconf 81' lang='grc' dir='ltr'>δέ</span> <span class='ocrx_word' id='word_1_695' title='bbox 360 4613 469 4692; x_wconf 79' lang='grc' dir='ltr'>ᾔσθοντο</span> <span class='ocrx_word' id='word_1_696' title='bbox 476 4615 565 4683; x_wconf 90' lang='grc' dir='ltr'>καίτις</span> <span class='ocrx_word' id='word_1_697' title='bbox 575 4620 661 4685; x_wconf 81' lang='grc' dir='ltr'>αὐτοῖς</span> <span class='ocrx_word' id='word_1_698' title='bbox 673 4619 812 4693; x_wconf 85' lang='grc' dir='ltr'>ἐδήλωσεν,</span> <span class='ocrx_word' id='word_1_699' title='bbox 823 4620 882 4689; x_wconf 89' lang='grc' dir='ltr'>τούς</span> <span class='ocrx_word' id='word_1_700' title='bbox 925 4631 971 4679; x_wconf 84' lang='lat' dir='ltr'><strong>alio</strong></span> <span class='ocrx_word' id='word_1_701' title='bbox 983 4630 1102 4690; x_wconf 71' lang='lat' dir='ltr'><strong>traduci),</strong></span> <span class='ocrx_word' id='word_1_702' title='bbox 1118 4642 1192 4691; x_wconf 90' lang='lat' dir='ltr'><strong>quum</strong></span> <span class='ocrx_word' id='word_1_703' title='bbox 1209 4633 1289 4676; x_wconf 81' lang='lat' dir='ltr'><strong>autern</strong></span> <span class='ocrx_word' id='word_1_704' title='bbox 1306 4641 1356 4677; x_wconf 90' lang='lat' dir='ltr'><strong>rem</strong></span> <span class='ocrx_word' id='word_1_705' title='bbox 1369 4628 1513 4688; x_wconf 85' lang='lat' dir='ltr'><strong>sensissent,</strong></span> <span class='ocrx_word' id='word_1_706' title='bbox 1525 4633 1548 4677; x_wconf 90' lang='lat' dir='ltr'><strong>et</strong></span> <span class='ocrx_word' id='word_1_707' title='bbox 1562 4640 1590 4676; x_wconf 81' lang='grc' dir='ltr'><strong>εκ</strong></span> <span class='ocrx_word' id='word_1_708' title='bbox 1601 4626 1705 4690; x_wconf 89' lang='lat' dir='ltr'><strong>quodam</strong></span> 
     </span>
     <span class='ocr_line' id='line_1_50' title="bbox 129 4694 1704 4789; baseline 0.006 -37"><span class='ocrx_word' id='word_1_709' title='bbox 129 4694 291 4769; x_wconf 67' lang='grc' dir='ltr'>ῖεῖίθηναίαυς</span> <span class='ocrx_word' id='word_1_710' title='bbox 304 4703 479 4762; x_wconf 80' lang='grc' dir='ltr'>ἐπεκαλοῦντο</span> <span class='ocrx_word' id='word_1_711' title='bbox 493 4703 538 4761; x_wconf 83' lang='grc' dir='ltr'><strong>καί</strong></span> <span class='ocrx_word' id='word_1_712' title='bbox 553 4705 669 4766; x_wconf 80' lang='grc' dir='ltr'>ἐκέλευον</span> <span class='ocrx_word' id='word_1_713' title='bbox 687 4718 766 4789; x_wconf 76' lang='grc' dir='ltr'>σρᾶς,</span> <span class='ocrx_word' id='word_1_714' title='bbox 783 4711 805 4766; x_wconf 85' lang='grc' dir='ltr'><strong>εἰ</strong></span> <span class='ocrx_word' id='word_1_715' title='bbox 820 4709 881 4788; x_wconf 80' lang='grc' dir='ltr'>βοεί-</span> <span class='ocrx_word' id='word_1_716' title='bbox 925 4717 1109 4777; x_wconf 68' lang='lat' dir='ltr'><strong>intellexissent,</strong></span> <span class='ocrx_word' id='word_1_717' title='bbox 1132 4716 1289 4766; x_wconf 84' lang='lat' dir='ltr'><strong>Athenienses</strong></span> <span class='ocrx_word' id='word_1_718' title='bbox 1311 4715 1469 4778; x_wconf 85' lang='lat' dir='ltr'><strong>implorabant</strong></span> <span class='ocrx_word' id='word_1_719' title='bbox 1489 4722 1513 4767; x_wconf 90' lang='lat' dir='ltr'><strong>et</strong></span> <span class='ocrx_word' id='word_1_720' title='bbox 1539 4714 1704 4774; x_wconf 85' lang='lat' dir='ltr'><strong>hortabantur,</strong></span> 
     </span>
    </p>
   </div>
   <div class='ocr_carea' id='block_1_4' title="bbox 131 4777 1706 5230">
    <p class='ocr_par' dir='ltr' id='par_1_6' title="bbox 131 4777 1706 5230">
     <span class='ocr_line' id='line_1_51' title="bbox 131 4777 1706 4872; baseline 0.009 -36"><span class='ocrx_word' id='word_1_721' title='bbox 131 4777 208 4856; x_wconf 79' lang='grc' dir='ltr'>λσιται,</span> <span class='ocrx_word' id='word_1_722' title='bbox 221 4786 312 4856; x_wconf 72' lang='grc' dir='ltr'>αὐτοὺς</span> <span class='ocrx_word' id='word_1_723' title='bbox 324 4789 487 4871; x_wconf 66' lang='grc' dir='ltr'>διαφθείρειν,</span> <span class='ocrx_word' id='word_1_724' title='bbox 502 4792 532 4851; x_wconf 84' lang='grc' dir='ltr'>ἔκ</span> <span class='ocrx_word' id='word_1_725' title='bbox 543 4818 571 4852; x_wconf 88' lang='grc' dir='ltr'><strong>τε</strong></span> <span class='ocrx_word' id='word_1_726' title='bbox 584 4801 630 4853; x_wconf 83' lang='grc' dir='ltr'><strong>τοῦ</strong></span> <span class='ocrx_word' id='word_1_727' title='bbox 642 4795 784 4872; x_wconf 80' lang='grc' dir='ltr'>οἰκήματος</span> <span class='ocrx_word' id='word_1_728' title='bbox 796 4797 881 4856; x_wconf 85' lang='grc' dir='ltr'>οὐκέτι</span> <span class='ocrx_word' id='word_1_729' title='bbox 926 4810 966 4864; x_wconf 88' lang='lat' dir='ltr'><strong>ut,</strong></span> <span class='ocrx_word' id='word_1_730' title='bbox 982 4807 1002 4854; x_wconf 89' lang='lat' dir='ltr'><strong>si</strong></span> <span class='ocrx_word' id='word_1_731' title='bbox 1020 4806 1129 4853; x_wconf 82' lang='lat' dir='ltr'><strong>voluntas</strong></span> <span class='ocrx_word' id='word_1_732' title='bbox 1145 4817 1227 4852; x_wconf 87' lang='lat' dir='ltr'><strong>eorum</strong></span> <span class='ocrx_word' id='word_1_733' title='bbox 1244 4803 1328 4861; x_wconf 77' lang='lat' dir='ltr'><strong>terret,</strong></span> <span class='ocrx_word' id='word_1_734' title='bbox 1345 4815 1372 4850; x_wconf 90' lang='lat' dir='ltr'><strong>se</strong></span> <span class='ocrx_word' id='word_1_735' title='bbox 1386 4801 1532 4860; x_wconf 83' lang='lat' dir='ltr'><strong>occiderem,</strong></span> <span class='ocrx_word' id='word_1_736' title='bbox 1548 4814 1592 4850; x_wconf 91' lang='lat' dir='ltr'><strong>nec</strong></span> <span class='ocrx_word' id='word_1_737' title='bbox 1603 4801 1706 4864; x_wconf 88' lang='lat' dir='ltr'><strong>amplius</strong></span> 
     </span>
     <span class='ocr_line' id='line_1_52' title="bbox 133 4863 1706 4962; baseline 0.003 -28"><span class='ocrx_word' id='word_1_738' title='bbox 133 4863 199 4934; x_wconf 77' lang='grc' dir='ltr'>ίθιλαν</span> <span class='ocrx_word' id='word_1_739' title='bbox 211 4874 315 4948; x_wconf 79' lang='grc' dir='ltr'>ἐξιέναι,</span> <span class='ocrx_word' id='word_1_740' title='bbox 327 4879 381 4935; x_wconf 81' lang='grc' dir='ltr'>οὐδ’</span> <span class='ocrx_word' id='word_1_741' title='bbox 395 4878 492 4937; x_wconf 83' lang='grc' dir='ltr'>ἐσιέναι</span> <span class='ocrx_word' id='word_1_742' title='bbox 506 4881 606 4962; x_wconf 72' lang='grc' dir='ltr'>ἔρισαν</span> <span class='ocrx_word' id='word_1_743' title='bbox 621 4882 690 4940; x_wconf 77' lang='grc' dir='ltr'>κατὰ</span> <span class='ocrx_word' id='word_1_744' title='bbox 707 4882 816 4962; x_wconf 79' lang='grc' dir='ltr'>δύναμιν</span> <span class='ocrx_word' id='word_1_745' title='bbox 830 4909 880 4943; x_wconf 92' lang='grc' dir='ltr'><strong>πε-</strong></span> <span class='ocrx_word' id='word_1_746' title='bbox 925 4907 954 4943; x_wconf 83' lang='lat' dir='ltr'><strong>es</strong></span> <span class='ocrx_word' id='word_1_747' title='bbox 976 4907 1070 4943; x_wconf 85' lang='lat' dir='ltr'><strong>carcere</strong></span> <span class='ocrx_word' id='word_1_748' title='bbox 1090 4892 1155 4942; x_wconf 82' lang='lat' dir='ltr'><strong>exire</strong></span> <span class='ocrx_word' id='word_1_749' title='bbox 1177 4891 1302 4950; x_wconf 72' lang='lat' dir='ltr'><strong>volebant,</strong></span> <span class='ocrx_word' id='word_1_750' title='bbox 1323 4894 1348 4939; x_wconf 89' lang='lat' dir='ltr'><strong>et</strong></span> <span class='ocrx_word' id='word_1_751' title='bbox 1363 4888 1487 4948; x_wconf 87' lang='lat' dir='ltr'><strong>dicebant,</strong></span> <span class='ocrx_word' id='word_1_752' title='bbox 1508 4901 1534 4938; x_wconf 88' lang='lat' dir='ltr'><strong>se</strong></span> <span class='ocrx_word' id='word_1_753' title='bbox 1552 4902 1595 4951; x_wconf 87' lang='lat' dir='ltr'><strong>pro</strong></span> <span class='ocrx_word' id='word_1_754' title='bbox 1615 4889 1706 4938; x_wconf 79' lang='lat' dir='ltr'><strong>viribus</strong></span> 
     </span>
     <span class='ocr_line' id='line_1_53' title="bbox 135 4952 1706 5053; baseline 0.007 -36"><span class='ocrx_word' id='word_1_755' title='bbox 135 4952 236 5053; x_wconf 44' lang='grc' dir='ltr'>αἴθεσθαι</span> <span class='ocrx_word' id='word_1_756' title='bbox 249 4962 350 5022; x_wconf 81' lang='grc' dir='ltr'>οὐδένα.</span> <span class='ocrx_word' id='word_1_757' title='bbox 393 4969 426 5042; x_wconf 81' lang='lat' dir='ltr'><strong>(a)</strong></span> <span class='ocrx_word' id='word_1_758' title='bbox 442 4972 477 5027; x_wconf 83' lang='lat' dir='ltr'><strong>Oi</strong></span> <span class='ocrx_word' id='word_1_759' title='bbox 488 4967 683 5051; x_wconf 82' lang='grc' dir='ltr'>δὲΚερκυραῖοι</span> <span class='ocrx_word' id='word_1_760' title='bbox 695 4970 764 5029; x_wconf 83' lang='grc' dir='ltr'>κατδι</span> <span class='ocrx_word' id='word_1_761' title='bbox 775 4972 822 5050; x_wconf 80' lang='grc' dir='ltr'><strong>μὲν</strong></span> <span class='ocrx_word' id='word_1_762' title='bbox 836 4971 882 5040; x_wconf 76' lang='grc' dir='ltr'><strong>τάς</strong></span> <span class='ocrx_word' id='word_1_763' title='bbox 925 4994 973 5029; x_wconf 92' lang='lat' dir='ltr'><strong>non</strong></span> <span class='ocrx_word' id='word_1_764' title='bbox 985 4980 1330 5043; x_wconf 84' lang='lat' dir='ltr'><strong>permissuros‚utquisquam</strong></span> <span class='ocrx_word' id='word_1_765' title='bbox 1340 4975 1509 5039; x_wconf 77' lang='lat' dir='ltr'><strong>ingrederetur.</strong></span> <span class='ocrx_word' id='word_1_766' title='bbox 1543 4976 1706 5039; x_wconf 69' lang='lat' dir='ltr'><strong>(tlcorcprai</strong></span> 
     </span>
     <span class='ocr_line' id='line_1_54' title="bbox 135 5040 1706 5142; baseline 0.003 -33"><span class='ocrx_word' id='word_1_767' title='bbox 135 5040 188 5142; x_wconf 62' lang='lat' dir='ltr'><strong>irps&lt;</strong></span> <span class='ocrx_word' id='word_1_768' title='bbox 202 5054 250 5111; x_wconf 78' lang='grc' dir='ltr'>τόδ’</span> <span class='ocrx_word' id='word_1_769' title='bbox 270 5052 345 5110; x_wconf 75' lang='grc' dir='ltr'>αὐτοὶ</span> <span class='ocrx_word' id='word_1_770' title='bbox 364 5055 507 5115; x_wconf 74' lang='grc' dir='ltr'>διενοοῦντο</span> <span class='ocrx_word' id='word_1_771' title='bbox 526 5058 675 5136; x_wconf 81' lang='grc' dir='ltr'>βιάζεσθαι,</span> <span class='ocrx_word' id='word_1_772' title='bbox 691 5059 834 5128; x_wconf 78' lang='grc' dir='ltr'>εἰναθάντες</span> <span class='ocrx_word' id='word_1_773' title='bbox 853 5059 881 5119; x_wconf 78' lang='grc' dir='ltr'>δὲ</span> <span class='ocrx_word' id='word_1_774' title='bbox 927 5083 983 5119; x_wconf 81' lang='lat' dir='ltr'><strong>vero</strong></span> <span class='ocrx_word' id='word_1_775' title='bbox 998 5084 1040 5132; x_wconf 90' lang='lat' dir='ltr'><strong>per</strong></span> <span class='ocrx_word' id='word_1_776' title='bbox 1055 5069 1118 5118; x_wconf 83' lang='lat' dir='ltr'><strong>iores</strong></span> <span class='ocrx_word' id='word_1_777' title='bbox 1135 5082 1164 5116; x_wconf 92' lang='lat' dir='ltr'><strong>ne</strong></span> <span class='ocrx_word' id='word_1_778' title='bbox 1181 5068 1226 5130; x_wconf 89' lang='lat' dir='ltr'><strong>ipsi</strong></span> <span class='ocrx_word' id='word_1_779' title='bbox 1244 5065 1342 5129; x_wconf 88' lang='lat' dir='ltr'><strong>quidem</strong></span> <span class='ocrx_word' id='word_1_780' title='bbox 1358 5067 1526 5128; x_wconf 84' lang='lat' dir='ltr'><strong>irrumperem</strong></span> <span class='ocrx_word' id='word_1_781' title='bbox 1543 5066 1622 5114; x_wconf 89' lang='lat' dir='ltr'><strong>animo</strong></span> <span class='ocrx_word' id='word_1_782' title='bbox 1637 5065 1706 5114; x_wconf 85' lang='lat' dir='ltr'><strong>habc-</strong></span> 
     </span>
     <span class='ocr_line' id='line_1_55' title="bbox 135 5137 1706 5230; baseline 0.017 -50"><span class='ocrx_word' id='word_1_783' title='bbox 135 5139 196 5193; x_wconf 72' lang='grc' dir='ltr'>ιτιτὶ.</span> <span class='ocrx_word' id='word_1_784' title='bbox 210 5137 279 5218; x_wconf 70' lang='grc' dir='ltr'>τέγος</span> <span class='ocrx_word' id='word_1_785' title='bbox 296 5145 343 5198; x_wconf 86' lang='grc' dir='ltr'><strong>τοῦ</strong></span> <span class='ocrx_word' id='word_1_786' title='bbox 359 5142 501 5218; x_wconf 83' lang='grc' dir='ltr'>οἰκήματος</span> <span class='ocrx_word' id='word_1_787' title='bbox 515 5146 560 5205; x_wconf 87' lang='grc' dir='ltr'><strong>καί</strong></span> <span class='ocrx_word' id='word_1_788' title='bbox 579 5146 704 5214; x_wconf 86' lang='grc' dir='ltr'>διελόντες</span> <span class='ocrx_word' id='word_1_789' title='bbox 721 5146 769 5218; x_wconf 79' lang='grc' dir='ltr'><strong>τήν</strong></span> <span class='ocrx_word' id='word_1_790' title='bbox 783 5147 879 5230; x_wconf 71' lang='grc' dir='ltr'>ὀροφὴν</span> <span class='ocrx_word' id='word_1_791' title='bbox 926 5157 997 5218; x_wconf 86' lang='lat' dir='ltr'><strong>baut,</strong></span> <span class='ocrx_word' id='word_1_792' title='bbox 1021 5155 1063 5207; x_wconf 84' lang='lat' dir='ltr'><strong>sed</strong></span> <span class='ocrx_word' id='word_1_793' title='bbox 1090 5156 1191 5205; x_wconf 87' lang='lat' dir='ltr'><strong>carceris</strong></span> <span class='ocrx_word' id='word_1_794' title='bbox 1217 5156 1306 5204; x_wconf 87' lang='lat' dir='ltr'><strong>tectum</strong></span> <span class='ocrx_word' id='word_1_795' title='bbox 1329 5151 1532 5213; x_wconf 83' lang='lat' dir='ltr'><strong>conscenderunt,</strong></span> <span class='ocrx_word' id='word_1_796' title='bbox 1555 5158 1581 5204; x_wconf 86' lang='lat' dir='ltr'><strong>ei</strong></span> <span class='ocrx_word' id='word_1_797' title='bbox 1602 5154 1706 5207; x_wconf 87' lang='lat' dir='ltr'><strong>lacunari</strong></span> 
     </span>
    </p>
   </div>
   <div class='ocr_carea' id='block_1_5' title="bbox 0 0 1851 5828">
    <p class='ocr_par' dir='ltr' id='par_1_7' title="bbox 0 0 1851 5828">
     <span class='ocr_line' id='line_1_56' title="bbox 0 0 1851 5828; baseline 0 0"><span class='ocrx_word' id='word_1_798' title='bbox 0 0 1851 5828; x_wconf 95' lang='lat' dir='ltr'><strong> </strong></span> 
     </span>
    </p>
   </div>
  </div>
 </body>
</html>
