3676 5828
150 333 204 386 τεο
779 310 951 370 SCEOLIA.
972 310 1046 380 vll,
1067 319 1188 372 το-σσ.

143 448 325 528 εἰσαγωγίμων
338 446 363 513 ἐξ
380 445 539 513 ἀλλοδαπῆς.
553 476 593 488 -
604 440 671 500 Ἀντὶ
690 445 734 498 τοῦ
752 439 825 507 πολις
843 430 924 511 εἶναι]
970 440 1069 506 οὐδενὸς
1091 440 1172 499 ἄλλου
1192 438 1288 507 πάθους
1313 444 1391 513 ἤττον
1405 445 1457 499 τῶν
1479 440 1549 499 κατά
1569 441 1613 500 τὸν
1634 443 1736 523 πολέμου

970 525 1120 605 γενομένων.
1133 554 1163 562 -
1177 527 1373 607 Χρησαμένων]
1389 532 1440 586 τῶν
1448 530 1647 600 Μυκαλησσίων
1654 533 1736 603 δηλον·

970 612 1018 674 ότι.
1034 653 1067 662 -
1082 613 1128 680 Ὡς
1142 615 1184 672 ἐπὶ
1199 613 1318 693 μεγέθει]
1331 615 1388 687 ἤτοι
1405 614 1519 687 πολεως,
1535 616 1569 688 ἤ,
1582 620 1617 683 ὡς
1638 618 1679 676 ἐπὶ
1696 643 1737 689 με·

970 699 1037 775 γέθει
1048 699 1153 766 πάθους.

152 826 190 838 ...
200 809 222 848 α,
230 787 287 858 Τὴν
298 785 325 845 δέ
337 786 417 844 νύκτα
432 784 476 842 καὶ
488 782 650 858 ξύμπαντες]
666 782 695 837 οὗ
710 779 778 837 κατά
792 777 926 856 διαδοχὴν,
1010 789 1113 846 XXXI.
1126 807 1148 846 ο.
1162 787 1253 865 Αύτοί]
1267 786 1347 864 ἤγουν
1358 789 1373 818 ⁸
1384 790 1407 847 οἱ
1420 788 1584 868 Ἀκαρνᾶνες.
1599 829 1633 839 -
1646 810 1667 849 ε.
1681 793 1759 872 Περίι

128 876 237 956 ,τε-ὥςπερ
259 872 375 952 ἡμέρας,
401 869 469 930 effi
492 870 596 935 πάντες·
611 903 650 914 ·-
666 887 689 926 ³·
714 865 766 926 Λῦθ
789 867 928 943 πολέμους]
971 875 1066 952 ταῦτα]
1080 873 1158 951 ἤγουν
1172 874 1232 955 περὶ
1249 874 1278 933 τδ
1290 874 1424 951 συλλέγειν
1440 876 1561 953 δύναμιν.
1580 913 1612 927 -·
1625 875 1668 938 Τά
1681 880 1739 958 χρή-

150 964 194 1022 τόν
215 986 243 1021 τε
268 956 499 1030 Πελοπονησιακδν
523 955 568 1014 καί
584 954 628 1013 τόν
652 953 796 1015 Σικελικόν.
821 955 928 1030 -Τῷ
972 983 1043 1037 ματα
1056 958 1303 1043 ἄγωντῇστρατιᾷ]
1315 961 1394 1038 ἤγουν
1406 963 1439 1021 τὰ
1449 965 1513 1043 πρὸς
1521 963 1620 1044 τροφὴν
1631 967 1740 1045 χρήσιμα

152 1053 223 1131 αὐτῷ
234 1048 322 1130 τρόπῳ
334 1043 708 1124 ἀντιπολιορκεῖν]ήπίστησεν
720 1041 927 1110 ἅντῑςᾶκθῦσας,
972 1046 1059 1104 καλτθι
1073 1048 1153 1107 λοιπδι
1167 1047 1200 1105 τὰ
1213 1049 1375 1107 συντείνοντα
1389 1052 1485 1117 αὐτοῖς.
1502 1085 1542 1098 -·-
1559 1050 1604 1110 Τά
1624 1075 1653 1109 τε
1671 1052 1742 1133 ἀλλα]

152 1137 204 1196 ἀπδ
236 1141 331 1195 κοινοῦ.
360 1169 400 1179 -
426 1130 510 1192 Ούδέν
536 1130 681 1207 ἐλάσσονα]
704 1128 831 1209 γράφεται
856 1125 928 1185 οὐδὲν
972 1131 1021 1190 ὅσα
1035 1123 1279 1204 εἷδεδηλονότι.-
1292 1155 1315 1196 ο.
1331 1136 1534 1218 Ἄνθορμοῦσαι]
1547 1136 1662 1196 ἐναντίαι
1675 1130 1741 1197 οθσαι

152 1224 264 1282 ἐλάσσω.
278 1221 307 1280 τὺ
319 1220 392 1295 ἑξῆς,
405 1219 480 1278 πόλιν
491 1215 659 1297 Συρακούσας
674 1214 754 1285 αὐτὴν
766 1213 835 1272 κατά
848 1212 928 1285 αὑτῆν
972 1220 1016 1277 ἐπὶ
1029 1226 1074 1278 τοῦ
1089 1218 1180 1300 ὅρμου.
1195 1255 1236 1265 —-·
1251 1221 1384 1298 Πέμπειν]
1400 1224 1436 1289 εἰς
1454 1222 1628 1283 Ναύπακτον.
1641 1258 1680 1269 -
1694 1228 1740 1284 III,-
1755 1239 1772 1278 ιι

113 1333 139 1373 10
152 1309 252 1376 ούδενδς
265 1308 394 1367 ἐλάσσονα
414 1310 465 1363 τῶν
480 1303 630 1373 Ἀθηναίων.
645 1337 683 1346 —-
696 1301 750 1361 Τὸν
766 1301 927 1381 παράλογον]
972 1305 1041 1383 τούς]
1055 1307 1134 1384 ἤγουν
1149 1307 1207 1375 τοὺς
1220 1309 1402 1389 Κερκυραίους.
1416 1345 1457 1353 -
1470 1331 1492 1369 σ.
1509 1309 1740 1392 ἶθποτραπόμενυς]

152 1398 182 1455 τὺ
195 1395 350 1476 παράδοξον.
363 1391 435 1472 παρδι
448 1393 524 1470 λόγον
544 1391 589 1449 καλ
605 1389 667 1470 παρ’
682 1389 776 1447 ἐλπίδα
794 1392 845 1446 τῶν
861 1387 928 1446 Ἓλ-
972 1391 1002 1451 τὺ
1016 1392 1063 1469 μὲν
1078 1394 1292 1474 ἀποτραπόμενος
1305 1397 1362 1454 καθ’
1379 1396 1525 1478 ὑπερόατδν
1540 1400 1579 1477 τῷ
1599 1403 1614 1455 θ
1633 1396 1679 1474 μέν
1695 1402 1743 1459 Εὐ-

151 1485 236 1555 λήνων
253 1483 309 1554 ἤτε
324 1482 431 1551 δύναμις
442 1485 493 1538 τῶν
513 1478 652 1550 Ἀθηναίων
666 1480 768 1555 ἀντεῖχε
780 1475 850 1546 καὶὴ
865 1475 928 1533 τολ-
975 1480 1100 1560 ρυμέδων,
1110 1484 1135 1549 ἐς
1142 1481 1188 1552 τὴν
1201 1481 1337 1562 Κέρκυραν
1352 1483 1576 1563 ἀποτραπόμενος·
1589 1484 1619 1543 τδ
1631 1485 1659 1543 δέ
1668 1484 1743 1565 ὥςπερ

153 1596 200 1648 μα.
219 1607 259 1615 -
282 1569 358 1631 Μετὰ
375 1568 422 1640 τὴν
447 1567 554 1649 πρώτην
577 1564 700 1638 έςόολήν]
727 1558 745 1644 ᾖ
771 1563 930 1631 είςέόαλενὸ
973 1568 1018 1624 καλ
1036 1567 1116 1647 ᾑρέθη
1138 1568 1183 1626 καὶ
1198 1569 1260 1627 αὖτδ
1285 1570 1342 1628 καθ’
1359 1571 1504 1649 ὑπερόατδν
1517 1576 1556 1651 τῷ
1576 1571 1686 1652 ξυνῆρχε
1700 1573 1744 1654 γάρ

153 1657 308 1738 Ἀρχίδαμος
327 1659 363 1723 εἷς
375 1655 423 1727 τῆν
447 1653 574 1726 Ἀττικὴν,
590 1653 648 1732 άρτι
661 1651 771 1732 πρώτως
785 1649 930 1722 κινηθέντος
973 1654 1023 1726 ἤδη
1036 1655 1203 1732 Δημοσθένει.
1708 1689 1710 1693 v
1755 1684 1771 1720 ς.

113 1769 137 1809 15
152 1752 196 1804 τοῦ
214 1745 340 1820 πολέμου.
354 1743 402 1814 τῆν
417 1743 504 1801 ἄνοιαν
519 1739 562 1799 διὰ
580 1739 678 1799 τούτων
694 1743 745 1797 τῶν
760 1737 930 1808 ἀνακινησάν·
1014 1745 1129 1803 XXXII,
1145 1742 1354 1824 Ξυσαραρίυαας]
1369 1743 1551 1824 σμυαχθίναας.

152 1855 203 1889 των
220 1831 265 1889 τδν
281 1831 394 1906 πολεμον
408 1832 537 1900 αἰτιᾶται,
553 1828 598 1887 καί
611 1827 696 1907 ὥςπερ
710 1824 862 1905 ἐποδύρεται
882 1822 929 1894 τὴν
1013 1833 1146 1895 XXXIII,
1168 1832 1236 1911 Περὶ
1252 1830 1299 1898 τὰς
1310 1831 1400 1902 αὐτάς]
1419 1833 1498 1909 ήγσαυ
1518 1830 1588 1890 κατὰ
1604 1831 1649 1899 τὰς
1663 1833 1744 1899 αὐτάς,

152 1918 276 1998 πατρίδα.
291 1953 330 1963 -
345 1920 399 1977 Τοῦ
419 1916 543 1996 πρότερον
560 1913 730 1993 ὑπάρχοντος]
749 1913 807 1970 ἀντὶ
820 1916 866 1969 τοῦ
880 1910 930 1968 ὑπδ
974 1952 1013 1961 -
1034 1919 1142 1995 Αὖτσῖς]
1165 1919 1218 1984 ταῖς
1240 1918 1434 1999 Συρακουσίας,
1457 1954 1497 1963 -.
1525 1918 1657 1978 Ναασσών
1677 1923 1745 1985 a&

153 2005 368 2076 Πελοποννησίων
393 2005 564 2082 ἐπαγομένου.
596 2037 635 2047 -
660 2021 682 2061 4.
696 1998 930 2080 Προςπῑπτόντων]
974 2003 1050 2062 πέντε
1061 2005 1224 2082 ναῦς]ἤγουν
1233 2006 1296 2064 λαὸν
1304 2005 1379 2063 πέντε
1391 2009 1463 2063 νεῶν.
1479 2026 1548 2064 -ε,
1557 2006 1659 2084 Σχεδὸν
1668 2006 1745 2086 γάρτι

153 2092 359 2170 συμόαινόντων.
380 2127 420 2137 -
434 2091 566 2151 Ἀδύνατοι
588 2089 705 2165 ἐγένοντο
725 2090 777 2154 τοῖς
800 2085 932 2165 χρήμασι]
976 2092 1018 2170 ...]
1029 2091 1177 2163 ὅαααᾶσαή
1193 2092 1315 2164 Σικελία,
1326 2092 1395 2161 πλὴν
1405 2096 1456 2150 τῶν
1469 2093 1685 2172 Ἀκραγαντίνων,
1698 2102 1772 2159 ταῖς»

114 2205 141 2242 νο
154 2183 210 2240 ἀντὶ
226 2187 270 2241 τοῦ
282 2178 404 2240 ἐπέλιπεν
416 2177 508 2245 αὐτοὺς
519 2177 653 2258 χρήματα·
668 2177 748 2254 ἤγουν
762 2176 854 2240 ἐνδεεῖς
867 2196 931 2253 χρη·
975 2177 1117 2247 Ἀθηναίοις
1133 2178 1247 2240 ἐπέθετο.
1266 2214 1305 2224 -
1320 2200 1342 2238 ο.
1358 2179 1535 2260 Ἐπιχειρεῖν]
1558 2180 1699 2259 μάχεσθαι.
1712 2215 1746 2225 -

154 2270 244 2346 μάτων
265 2268 386 2346 ἐγίνοντο.
412 2301 452 2311 -
470 2264 526 2337 Τῆν
553 2265 690 2341 εἷκοστῆν]
716 2262 831 2320 εἰκοστὸν
854 2259 930 2340 μέρος
974 2265 1028 2326 Τόν
1041 2265 1144 2338 Ἰόνιον]
1160 2267 1200 2324 ἐπ’
1215 2267 1299 2345 ἄκραν
1311 2266 1448 2344 Ἰαπυγίαν
1463 2269 1498 2334 εἷς
1511 2268 1542 2324 τὸ
1558 2267 1687 2334 τέλοςτοῦ
1701 2268 1746 2326 '10-

156 2357 257 2415 πάντων
271 2359 323 2413 τῶν
335 2358 436 2421 ἑαυτοῖς
447 2352 611 2433 προςιόντων.
629 2387 666 2396 -
675 2349 758 2422 Ὺπό]
774 2347 851 2407 κατά.
974 2352 1043 2428 νίου,
1059 2357 1099 2433 ἐφ’
1111 2345 1139 2412 οὗ
1159 2357 1184 2411 οί
1196 2353 1315 2429 Ἰάπυγες
1329 2356 1436 2413 οἰκοῦσι.
1447 2388 1488 2398 -
1500 2374 1523 2412 ι.
1537 2354 1663 2426 Δύτόθεν]
1677 2355 1747 2431 ἤγαεν

193 2446 293 2504 XXIX.
315 2441 382 2508 Τοὺς
396 2433 438 2500 οῦν
451 2443 574 2519 Θρᾷκας]
590 2440 647 2505 τοὺς
662 2437 731 2496 κατά
742 2436 786 2495 τὸν
798 2435 930 2494 ἀπόπλουν
976 2443 1005 2498 ἐκ
1030 2444 1076 2511 τῆς
1095 2439 1240 2519 Ἰαπυγίας,
1257 2476 1297 2485 -
1313 2440 1389 2501 Κατὰ
1407 2441 1436 2499 τὸ
1456 2440 1639 2519 ξυμμαχιαόν]
1652 2441 1748 2522 suff»

154 2535 200 2589 τοῦ
221 2528 401 2605 Δημοσθένους
421 2526 548 2591 ἐλθόντας.
572 2561 610 2570 -
634 2528 660 2584 Τ
661 2524 703 2591 οὺς
720 2528 757 2604 τῷ
772 2522 931 2600 Δημοσθένει
975 2551 1046 2604 νημα
1059 2526 1187 2597 δηλονότι.
1229 2528 1308 2604 ἤγουν
1326 2526 1411 2593 καθὼς
1425 2527 1554 2585 ἀποτείνει
1569 2532 1587 2597 ἡ
1602 2527 1771 2607 συμμαχίαν

117 2635 143 2673 ετ
156 2616 363 2695 ὑστερήσαντας]
400 2613 457 2671 ἀντὶ
479 2617 524 2670 τοῦ
546 2610 653 2691 ὕστερον
677 2616 722 2668 τοῦ
752 2608 932 2685 Δημοσθένους
1015 2616 1146 2674 XXXIV.
1182 2614 1237 2674 Καὶ
1260 2610 1524 2695 προςπληρύνσαντες]
1554 2614 1614 2672 ἀντὶ
1642 2621 1685 2672 τοῦ
1708 2620 1748 2673 καὶ

155 2703 290 2780 ἐλθόντας,
305 2702 350 2761 καί
371 2700 409 2779 μὴ
435 2700 582 2782 φθάσαντας
616 2698 660 2756 τὸν
685 2695 864 2774 Δημοσθένην.
893 2730 931 2740 -
975 2700 1077 2781 προςίτι
1096 2700 1179 2767 ἄλλοις
1193 2700 1384 2780 πληρώσαντες.
1405 2735 1445 2745 -
1460 2722 1481 2759 α.
1496 2701 1748 2781 Ἀνεχσύσαιςμργ.

86 2851 90 2858 ,
157 2790 379 2872 Ὑστερήσαντιις]
974 2790 1047 2858 λαῖς,
1060 2787 1213 2867 ἀνεχούσαις
1225 2787 1268 2845 ἐπὶ
1279 2786 1308 2845 τὺ
1321 2787 1444 2857 πολὺτοῦ
1456 2786 1550 2866 ἀέρος..
1561 2807 1631 2847 -α
1644 2788 1748 2868 Καιρός]

975 2873 1090 2952 πολέμου
1105 2873 1231 2944 δηλονότι.
1240 2907 1280 2918 -
1290 2873 1389 2953 Χρόνον
1400 2877 1469 2931 ἀντεῖ
1489 2893 1516 2930 ον
1529 2873 1612 2932 πολὺν
1623 2875 1748 2951 ἀλλήλοις]

976 2960 1054 3036 ἤγουν
1069 2959 1137 3019 κατὰ
1150 2959 1242 3038 χρόνον
1256 2958 1313 3017 τινὰ
1328 2961 1458 3026 ῖσοπαλεῖς
1470 2897 1539 3031 ἤσαν
1552 2961 1746 3040 ἐναντιούμενοι,
1759 2984 1777 3021 ευ

158 3090 194 3099 -
207 3054 262 3115 Ἀπ’
274 3053 375 3129 αύτῶν]
389 3051 446 3109 ἀντὶ
456 3057 502 3109 τοῦ
514 3050 545 3108 δι’
559 3051 654 3107 αὐτῶν.
667 3067 736 3105 -ν,
750 3045 933 3125 Ἀπεόίῦασεν]
976 3048 1020 3106 καλ
1040 3050 1129 3128 χεῖρας
1153 3046 1274 3118 ἀλλήλοις
1290 3048 1460 3128 ἀνταίροντες.
1479 3082 1519 3092 --
1546 3069 1568 3106 ο.
1582 3047 1679 3109 νΔπλοι
1699 3048 1749 3126 ἐγέ·

120 3143 234 3219 οοῆγουν
247 3138 594 3212 ἀποόῆναιέποίησεν.-·ο.
607 3133 933 3204 Μάλιστα]ἀντὶτοῦκατά
976 3144 1059 3208 νοντο]
1074 3139 1174 3216 ἀχρεῖοι
1188 3135 1250 3217 πρδς
1262 3136 1377 3193 πλεῦσιν.
1403 3136 1514 3215 άχηστοι
1530 3137 1691 3209 ἐποιήθησαν
1703 3136 1750 3194 ὑπὸ

157 3229 300 3308 ἀκρίόειαν.
310 3264 349 3274 -
359 3228 430 3305 Ἅμα
443 3224 601 3305 δδτῇῆμέρφ
611 3231 656 3295 ...]
669 3221 773 3280 τὺκατά
785 3225 932 3295 Μυκαλησ-
976 3228 1027 3282 τῶν
1043 3223 1183 3300 πολεμίων.
1200 3259 1240 3267 -
1258 3221 1485 3299 Ἐμόαλλόμεναι]
1507 3224 1567 3281 ἀντὶ
1578 3230 1626 3282 τοῦ
1641 3225 1691 3282 ὓπδ
1704 3229 1751 3282 τῶν

157 3319 200 3376 σὺν
220 3317 323 3396 γεγονὸς
342 3315 422 3382 πάθος
440 3314 490 3373 ύπὺ
514 3317 566 3371 τῶν
586 3315 710 3392 Θρᾳκῶν.
732 3345 771 3357 -
790 3314 833 3389 Τῇ
860 3313 933 3370 πολει
976 3313 1108 3390 πολεμίων
1127 3315 1190 3370 νεῶν
1209 3310 1378 3386 τυπτόμενοι.
1399 3348 1437 3357 -·
1456 3313 1675 3394 ’Δναρραγεῖσοι]
1699 3313 1751 3371 ἀντὶ

157 3405 322 3483 προςέκειτο]
332 3402 481 3471 πλησιάσας
492 3399 617 3459 ἐπέκειτο.
630 3434 670 3443 --
682 3398 735 3457 Καὶ
745 3400 826 3477 αἱρεῖ]
834 3405 932 3479 πορθεῖ.
976 3407 1021 3459 τοῦ
1039 3404 1186 3480 τρωθεῖσαι·
1206 3397 1358 3477 ,ἐτρώθησαν
1373 3398 1400 3456 δέ
1413 3398 1464 3456 ὑπὸ
1481 3403 1533 3457 τῶν
1550 3400 1694 3461 ἐπωτίδων.
1715 3435 1751 3444 -
1764 3417 1783 3456 σε

159 3488 546 3564 -Ἐπιπεσύνν]ἐπιθέμενος.
560 3521 600 3529 -
614 3484 890 3564 Καλάπροςδοκήτοις]
903 3485 934 3544 τὺ
977 3485 1033 3553 Τὰς
1055 3485 1257 3567 παρεξειρεσίας]
1278 3485 1458 3568 παρεξειρεσία
1481 3485 1535 3544 ἐστὶ
1557 3487 1588 3544 τὸ
1616 3487 1685 3546 κατδ
1708 3488 1751 3558 τήν

119 3597 146 3636 3ο
159 3578 228 3648 ἑξῆς,
243 3577 287 3635 καὶ
303 3575 516 3655 ἀπροςδοκῆτοις,
530 3578 574 3630 τοῦ
598 3570 698 3649 τείχους
720 3574 840 3640 ἀσθενοῦς
853 3571 932 3639 ὄντος.
976 3571 1083 3653 πρῴραν
1095 3573 1146 3632 ποὺ
1165 3577 1217 3631 τῶν
1228 3577 1333 3631 κωπῶν·
1345 3577 1380 3640 ὡς
1394 3574 1425 3631 ἀν
1439 3573 1508 3632 εἴποι
1520 3598 1558 3640 τις
1574 3573 1605 3630 τὺ
1619 3573 1701 3654 πάρεξ
1711 3579 1753 3646 τῆς

158 3701 198 3710 -
215 3685 236 3723 ε.
252 3663 306 3723 Καὶ
317 3665 406 3719 πυλῶν
422 3661 497 3738 άμα]
512 3663 596 3719 τινῶν.
612 3689 645 3698 -
661 3657 822 3738 Ἐπόοθουν]
836 3658 932 3720 ἐκαιον.
977 3662 1096 3742 εἰρεσίας.
1109 3692 1137 3704 -
1148 3660 1204 3728 Τὰς
1215 3661 1350 3733 ἐπωτίδας]
1364 3660 1486 3726 ἐπωτίδας
1496 3660 1545 3718 εἰσὶ
1555 3658 1588 3717 τὰ
1599 3662 1753 3741 ἑκατέρωθεν

158 3787 196 3797 -
223 3751 322 3827 Ὁμοῖα
351 3757 404 3814 τοῖς
430 3747 545 3825 μάλιστα
578 3751 623 3804 τοῦ
652 3745 832 3827 βαρόαρικοῦ]
855 3748 933 3825 ἤγουν
977 3747 1082 3829 πρῴρης
1096 3746 1218 3826 ἐξέχοντα
1234 3746 1308 3814 ξύλα.
1323 3782 1363 3791 -
1378 3768 1399 3807 ο.
1415 3746 1557 3806 Ἀντίπαλα
1573 3746 1754 3827 μέν]ίσοστά·

159 3838 252 3916 ὁμοίως
264 3838 318 3949 ἔχει
331 3839 382 3901 τοῖς
393 3833 639 3915 βαρόαρικωτάτοις.
649 3833 747 3892 -Ἐν
759 3825 780 3913 ᾧ
790 3833 821 3892 διν
833 3840 933 3916 θαρσῇ]
978 3859 1031 3894 σια.
1046 3869 1086 3879 -—
1099 3833 1150 3894 Διά
1162 3834 1208 3904 τὴν
1221 3838 1273 3892 τῶν
1287 3831 1488 3916 Κορινθίων...]
1502 3831 1545 3890 διά
1559 3832 1589 3890 τδ
1602 3833 1641 3910 μῆ
1659 3835 1754 3892 ἐπανά-
1766 3854 1787 3890 ιι.

159 3929 215 3997 ἤτοι
230 3927 256 3983 ἐν
275 3949 297 4004 ιρ
312 3922 344 3982 ἀν
359 3921 511 4002 πράγματι,
525 3920 542 3992 ἢ
557 3912 616 4001 ἐνῷ
633 3919 691 3978 ἀντὶ
708 3926 753 3979 τοῦ
765 3919 791 3988 ἐξ
805 3913 844 3984 οῦ.
859 3962 893 3971 -
911 3945 933 3983 ε.
977 3928 1067 3999 γεσθαι
1086 3925 1170 3988 αὐτοῖς
1190 3921 1248 3988 τοὺς
1267 3920 1424 4002 Κορινθίους.
1438 3957 1478 3965 -
1498 3917 1595 3980 Οὐκέτι
1615 3924 1752 4001 ἐπανάγω·

115 4035 143 4076 ευ
160 4014 270 4084 Λῦτόθι]
282 4014 309 4069 ἐν
327 4009 457 4090 τῇπόλει,
977 4009 1036 4089 γῆν]
1059 4010 1139 4087 ἤγουν
1163 4007 1283 4090 δευτέραν
1299 4008 1466 4068 ἀνάπλευσιν.
1486 4042 1527 4054 -
1539 4029 1563 4068 7.
1578 4009 1677 4087 Νικᾷν]
1699 4010 1752 4067 ἐνό-

198 4103 286 4163 ΚΧΚ-
306 4096 424 4178 Ὦρμει]
435 4096 513 4174 ἤγουν
525 4097 551 4152 ἐν
566 4094 639 4175 δρμιρ
650 4093 695 4151 καί
707 4093 793 4170 λιμένι
807 4086 882 4165 ἤσαν.
896 4131 934 4142 —-
979 4101 1060 4175 μιζον.

161 4209 180 4245 τ.
196 4185 264 4254 Τοὺς
278 4185 425 4250 πλείστους]
442 4183 596 4262 ἀμφίόολον,
610 4180 718 4261 πότερον
732 4184 756 4239 οί
773 4183 864 4241 πολλοὶ
884 4188 935 4241 νεῖν
1017 4185 1133 4245 XXXV.
1156 4182 1351 4260 Ἐξετάσσιντες]
1365 4181 1479 4262 ἀκριόῶς
1496 4180 1698 4260 ἀριθμήσαντες.
1717 4217 1754 4228 -

162 4277 207 4332 οὐκ
231 4271 423 4343 ἤπίσταντο,ἢ
445 4274 469 4329 οί
494 4269 587 4329 πολλοὶ
605 4268 776 4348 ἀνῃρέθησαν.
798 4304 838 4313 -
856 4273 935 4350 Νεῖν]
978 4293 1000 4331 2.
1016 4264 1108 4349 Κίναι]
1126 4269 1227 4338 ἐξεῖναι.
1768 4294 1787 4331 ιε

163 4361 303 4442 εολυμόᾷν.
322 4395 362 4405 -
376 4359 424 4426 Ὣς
438 4357 524 4438 ἑώρων
546 4356 580 4415 τὰ
594 4359 620 4414 ἐν
640 4361 673 4435 τῇ
694 4361 742 4435 γῇ,
756 4357 935 4437 ὁρμισάντων]
1018 4360 1149 4419 XXXVI.
1173 4378 1193 4416 ο.
1210 4357 1245 4417 Τί
1259 4356 1338 4415 πλέον
1354 4356 1448 4413 ἐνεῖδον
1463 4355 1619 4434 σχήσοντες]
1635 4359 1672 4423 ὡς
1690 4347 1754 4415 εἶδον

122 4471 147 4510 ιε
160 4448 301 4530 γράφεται,
313 4452 347 4514 ὡς
359 4445 445 4527 ἐώρων
455 4446 502 4516 τῆν
514 4443 605 4527 φυγήν,
619 4445 821 4522 ἀνορμισάντων.
834 4450 935 4506 -Τοῦ
978 4447 1058 4505 πλέον
1077 4470 1103 4505 τι
1124 4445 1279 4525 σχήσοντες,
1300 4443 1419 4502 τουτέστι
1433 4443 1678 4514 ’πλεονεκτήσοντες
1698 4445 1754 4517 ἤτοι

161 4536 318 4614 ζεύγματος]
336 4538 382 4606 τῆς
396 4534 517 4614 γεφύρας.
533 4535 550 4608 §
567 4554 607 4609 γρ.
619 4530 782 4607 τοξεύματος.
797 4535 813 4606 §
828 4533 936 4593 ἀπὸτοῦ
979 4534 1133 4604 νικήσοντες.
1147 4568 1186 4577 -
1199 4531 1361 4612 Σχῆσοντες]
1373 4531 1476 4610 σχήσει,
1491 4530 1601 4598 καθέξει.
1614 4532 1752 4610 σχήσουσι,

162 4627 280 4699 αἰγιαλοῦ
297 4621 345 4701 έφη
361 4621 468 4701 ὁρμίσαι
480 4618 518 4678 ’τά
536 4621 617 4677 πλοῖα
636 4655 667 4668 -
680 4620 739 4678 Οὐκ
757 4620 872 4699 ἀτόπως]
889 4625 936 4680 οὐκ
979 4621 1133 4681 κωλύσουσι·
1156 4618 1315 4698 σχήσεσθαι,
1335 4618 1587 4697 κατασχεθῆσεσθαι·
1612 4619 1752 4697 σχήσεται,

163 4710 293 4786 ἀκόσμως.
316 4747 347 4759 -
373 4707 540 4788 Ἐπιχωρίιρ]
560 4705 627 4785 ἰδίᾳ,
650 4705 762 4775 συνήθει.
790 4745 822 4758 -
841 4709 936 4766 Φυλα-
980 4704 1307 4786 ἐπισχεθῆσεται.-Τθς
1317 4705 1460 4783 ἐπωτίδας]
1473 4703 1506 4762 τά
1520 4705 1582 4784 [ἐφ’]
1597 4706 1787 4784 ίκατέρωθενοι

159 4797 226 4874 κῆν]
242 4795 354 4871 άμυναν.
370 4843 400 4854 -
412 4816 433 4854 ο.
447 4795 533 4874 Μέρος
546 4817 571 4851 τι
586 4791 762 4864 ἀπαναλόιθη]
778 4794 835 4865 ήτοι
846 4797 937 4861 παῖδες
979 4798 1024 4864 τῆς
1038 4795 1097 4865 νηὸς
1111 4792 1213 4871 πρὺςτῇ
1229 4791 1333 4871 πρύμνη
1346 4791 1477 4871 ἐξέχοντα.
1490 4791 1683 4871 ἀντερείσματοι
1697 4794 1753 4851 καθ’

122 4903 148 4940 ου
163 4883 210 4959 μὲν
225 4882 330 4954 πολλοὶ,
341 4885 391 4940 τῶν
402 4883 500 4961 ἀνδρῶν
516 4880 543 4938 δὲ
557 4878 632 4959 μέρος
645 4902 679 4936 τι·
691 4877 708 4948 ἢ
718 4877 747 4936 τδ
762 4879 836 4956 μέρος
844 4904 869 4937 τι
880 4880 936 4938 ἀντὶ
980 4880 1091 4952 ἑκάστην
1104 4876 1217 4936 ἐπωτίδα
1232 4877 1290 4949 δύο,
1303 4879 1355 4936 ἀπὸ
1368 4885 1412 4936 τοῦ
1427 4877 1497 4945 έντὺς
1510 4879 1555 4936 καὶ
1569 4880 1641 4945 ἐκτὸς
1652 4879 1751 4960 μέρους,

163 4977 209 5029 τοῦ
220 4970 250 5029 τδ
265 4970 349 5048 μέρος.
363 5008 392 5019 -
405 4989 427 5029 ι.
446 4969 531 5026 Πάθει
545 4965 773 5046 χρησαμένων...]
790 4967 869 5040 ἀξιον,
883 4991 935 5049 φη·
979 4973 1025 5024 τοῦ
1039 4990 1067 5024 τε
1081 4965 1145 5044 πρὸς
1158 4964 1188 5022 τὺ
1201 4965 1285 5043 τεῖχος
1301 4971 1347 5036 τῆς
1361 4965 1420 5037 νηδς
1434 4966 1478 5023 καῖ
1489 4970 1534 5024 τοῦ
1548 4965 1612 5045 πρὸς
1626 4966 1657 5025 τδ
1670 4955 1750 5026 πίλα-

163 5059 214 5130 σίν,
235 5059 383 5138 ὀλοφυρμοῦ
400 5065 430 5114 το
447 5055 514 5114 κατὰ
533 5055 590 5121 τοὺς
607 5055 810 5124 Μυκαλησσίους
826 5055 936 5132 ἐγίνετο,
979 5077 1031 5131 γος.
1047 5053 1077 5111 τὺ
1088 5053 1135 5130 μὲν
1148 5044 1192 5110 οῦν
1204 5051 1277 5112 κάτω
1292 5051 1368 5132 μέρος
1382 5056 1433 5111 τῶν
1447 5052 1656 5130 ἀντερεισμάτων
1675 5054 1753 5127 ἐστη-

211 595 284 657 Κάγώ
294 611 321 643 σε
333 595 406 655 θρηνῶ
416 593 456 639 καὶ
467 589 630 652 κατοικτιίρω,
643 588 716 644 πόλις·

212 669 251 716 καὶ
260 667 304 729 γὰρ
315 665 395 726 πατρὶς
404 663 505 725 πέφυκας
512 667 552 719 τῆς
562 661 617 722 ἐμῆς
624 660 714 722 φύτλης.

189 2944 194 2952 ·
213 2922 389 2989 ’Καθυστερίίειν
401 2923 503 2977 Ἀττικὸς
514 2923 607 2984 σύμπας
619 2921 708 2984 γράφει.
