3676 5828
186 305 221 358 ³4
555 311 559 318 “
780 312 949 374 scflouA.
971 318 996 389 l,
1012 326 1174 380 114-120.

248 438 314 490 οὐδέν
324 439 379 502 παρ’
389 439 450 496 εῐνδς
462 439 531 494 αὐτὸς
545 441 616 489 αὑτοῦ
625 441 673 524 γὰρ
683 442 759 504 λόγοις
1006 446 1135 524 κειμένου,
1149 484 1190 495 ..
1203 469 1225 508 ².
1240 453 1296 523 Τῆς
1310 475 1338 510 τ,
1350 453 1450 535 Ξέρξου
1463 457 1678 539 emmam]
1698 463 1796 540 W

249 508 302 566 τοὺς
311 509 424 566 'mm‘
435 509 516 565 Ἴωνα(
525 511 636 568 ‘RQ'
648 510 717 573 λεία·
1005 533 1068 602 ταξθ
1081 536 1207 607 δηλονότι.
1219 573 1260 583 -
1272 538 1319 599 Ἐν
1333 530 1380 612 οἷς]
1393 540 1485 604 ἔτεσιν.
1498 578 1540 590 -
1552 544 1794 630 Ἐγκρατεστὲριν]

186 630 207 671 ε,
224 612 330 690 Αῦτοῖς]
348 615 401 678 τοῖς
417 610 568 684 Ἀθηναίοις,
584 647 626 656 -
644 612 691 672 Ἐν
710 613 855 695 Κορωνείᾳ]
872 614 966 696 Κυρῶ-
1005 621 1185 701 ἰσχυροτέραν,
1199 657 1240 669 -
1253 624 1317 686 Ἐπὶ
1333 626 1401 704 μέγα
1412 628 1554 710 ἐχώρησαν
1572 632 1727 709 suamc]
1741 639 1795 696 ἐξ,

186 721 241 758 νεια
251 699 328 766 πολις
339 697 474 766 Βοιωτίας.
488 734 530 744 -
539 699 647 779 Λοκροί]
659 704 682 759 οἱ
696 700 846 762 Ὀπούντιοι
859 702 963 783 Λοκροί.
1005 706 1120 778 νήθησαν
1134 706 1168 766 τά
1180 710 1293 788 μεγάλα.
1307 747 1348 758 -
1361 717 1393 773 Εί
1409 714 1446 791 μῆ
1459 717 1665 795 ἀναγκάζοιντο]
1682 722 1707 778 εί
1722 720 1794 799 μῆίξ

159 821 225 864 ι-
264 811 295 858 ιι
306 788 387 859 αὐτῆς
398 786 515 866 γνώμης]
529 791 573 845 τοῦ
589 789 667 845 αὐτοῦ
683 794 789 847 σκοποῦ.
803 789 963 872 -Κρατό-
1006 791 1319 870 ἀνάγκηικινηθεῑιν.-
1332 799 1372 860 Τὸ
1391 800 1471 874 δέτι]
1485 804 1556 863 κατά
1577 830 1616 865 τι.
1638 841 1684 852 -
1703 807 1813 869 (καίειν

185 874 286 953 σαντες]
298 875 321 933 οί
333 873 453 955 φυγάδες.
465 908 506 919 -
519 894 542 935 ε.
557 872 627 941 Τοὺς
638 874 745 955 ἀνδρας]
756 875 814 943 τοὺς
826 877 965 956 αίχμαλόι·
1006 882 1150 960 ἀνασχετὸν
1163 885 1304 958 ἐποιοῦντο]
1317 887 1406 967 ἤγουν,
1417 892 1465 949 οὐκ
1473 890 1622 972 ἠνέσχοντο
1630 897 1657 954 οἱ
1669 897 1794 956 Λακεδαι-

183 984 251 1028 τνυι.
1006 966 1099 1044 μόνιοι.
1121 1006 1162 1016 -
1182 971 1394 1055 Ἐπιχειρητέα]
1416 982 1461 1036 τοῦ
1482 981 1660 1062 συγγραφέως
1678 987 1698 1054 η
1719 982 1792 1052 2221<-

122 1067 126 1076 ·
223 1048 965 1133 cxlv.Etpwss]abvaxpa=1q.-A61‹'33]÷q‚nepa·
1005 1056 1085 1135 ἐχρῆν
1099 1055 1150 1138 γὰρ
1166 1062 1248 1118 εἰπεῖν
1262 1063 1450 1143 ἐπιχειρητέον.
1466 1100 1506 1111 -
1520 1086 1542 1125 υ.
1556 1067 1727 1147 Διέγνωατο]
1743 1073 1793 1130 διι-

184 1138 241 1198 κλεῐ
261 1136 388 1210 δηλονότι.
408 1141 424 1214 §
440 1137 606 1216 Παράσημον
623 1138 654 1197 τὸ
670 1138 762 1218 σχῆμά
784 1143 853 1213 ἐστι,
875 1141 965 1200 διαόε-
1005 1140 1129 1221 ψήφιστο.
1142 1180 1183 1190 -
1193 1144 1272 1206 Κατίι
1281 1148 1386 1228 κράτος]
1401 1150 1431 1209 τδ
1444 1151 1515 1224 έξῆς,
1525 1152 1598 1212 κατὰ
1612 1156 1713 1237 κράτος
1724 1157 1791 1230 νίκην

146 1246 171 1286 ιο
185 1225 309 1304 όηκότος,
331 1227 446 1305 ἤγγέλθη
462 1229 540 1305 αὐτῷ·
563 1226 736 1286 ἀνακόλουθον
751 1227 811 1308 γάρ.
832 1263 871 1273 -
887 1226 963 1310 Ἀφέ-
1005 1227 1120 1293 ἔσεσθαι.
1133 1267 1175 1280 —-
1187 1232 1259 1316 Ἔφη
1278 1234 1464 1318 ξυλλήψεσθαι]
1480 1239 1627 1300 αἰνίττεται
1645 1245 1694 1302 τὸν
1713 1244 1820 1324 μέγαιίί

68 1352 74 1364 ·
184 1315 277 1394 στηκε]
295 1317 347 1373 τῶν
367 1312 508 1384 Ἀθηναίων
527 1312 654 1386 δηλονότι.
668 1349 709 1358 -
720 1335 742 1375 ε.
757 1314 872 1396 Θρίωζε]
886 1319 921 1382 είς
935 1316 965 1374 τὸ
1004 1316 1106 1395 λοιμόν.

183 1401 311 1481 Θριάσιον
320 1399 417 1459 πεδίον·
425 1404 459 1467 ῶς
469 1400 648 1471 ’λθήναζκ-
657 1402 822 1481 Παυσανίου]
829 1408 874 1460 τοῦ
889 1404 965 1464 Πλα-
1044 1406 1145 1468 cxlx.
1167 1411 1266 1491 Ψῆφον
1277 1412 1430 1490 ἐπαγαγεῖν]
1440 1412 1520 1492 ἤγουν
1532 1417 1666 1495 κυρῶσαι.
1679 1452 1721 1466 -
1733 1419 1790 1479 Ἀτδ

182 1498 283 1551 ταιᾶσι.
297 1523 338 1534 -
349 1487 538 1569 Ἀπεχύιρησαν
556 1489 597 1547 ἐπ’
609 1488 692 1568 οἴκου]
708 1488 775 1566 μετδι
793 1490 823 1549 τδ
838 1489 965 1558 ὑποτάξαι
1004 1497 1051 1563 τῆς
1061 1493 1219 1575 Ευμμαχίας]
1236 1497 1294 1556 ἀντὶ
1303 1505 1364 1572 τοῦ,
1373 1499 1427 1559 ἀπδ
1435 1505 1487 1559 τῶν
1498 1500 1662 1583 ξυμμάχων.
1677 1541 1721 1552 -
1730 1510 1790 1581 Ψη-

181 1576 216 1636 τά
226 1576 348 1659 Μέγαρα.
358 1611 399 1621 -
407 1595 429 1637 ε.
446 1575 591 1657 Ὁμολογίφ
602 1577 810 1656 κατεστήσαντο]
821 1577 964 1659 ἀτάραχον,
1005 1579 1132 1660 φίσασθαι
1144 1582 1189 1641 τδν
1202 1578 1329 1662 πόλεμον]
1344 1586 1388 1645 διὰ
1400 1587 1488 1668 ψήφου
1502 1592 1683 1671 ἐπικυρῶσαι.
1696 1628 1737 1639 -
1748 1593 1788 1668 Π]

145 1680 169 1719 ¹⁵
182 1663 315 1745 ιίρηνικῆν
327 1662 464 1736 ἐποίησαν.
476 1698 517 1709 -
526 1663 676 1743 Ἔστιαιάς]
688 1664 812 1727 Ἑστίαια
822 1665 897 1732 πόλις
914 1667 964 1727 EG·
1003 1670 1197 1751 προδιαφθαρῆ]
1211 1671 1249 1749 μῆ
1261 1671 1313 1752 πρὸ
1326 1678 1371 1732 τοῦ
1384 1675 1511 1742 είςόαλεῖν
1523 1677 1619 1746 αὐτοὺς
1629 1683 1668 1749 εἷς
1679 1681 1728 1754 τῆν
1738 1683 1816 1747 ’λι-ιι

181 1752 269 1825 όοίας,
284 1752 338 1824 ἤτις
349 1757 394 1810 νῦν
412 1750 502 1832 Ὦρεδς
515 1754 644 1814 καλεῖται.
1003 1754 1078 1827 τικῆν
1089 1758 1229 1840 διαφθαρῇ.

221 1842 306 1904 CXV.
327 1840 395 1907 Τοὺς
404 1838 569 1920 ξυμμάχους]
579 1839 638 1908 τοὺς
649 1840 873 1919 Λακεδαιμονίων.
887 1874 928 1886 -
940 1861 962 1901 ε.
1044 1845 1131 1906 CXX.
1154 1850 1196 1907 Οὐ
1209 1845 1255 1905 καί
1269 1847 1343 1906 αὐτοὶ
1352 1851 1538 1931 ἐψηφισμένοι.
1548 1897 1573 1914 ..
1587 1854 1654 1934 εἰσί]
1669 1858 1700 1915 αὗ
1713 1857 1787 1938 ψηφί-

178 1927 274 2010 Ἕκτῳ
283 1927 311 1988 δί
323 1928 387 2008 ἔτει]
399 1927 467 2005 μετά
478 1927 525 1995 τάς
536 1928 741 2008 τριακοντούτεις
754 1927 874 2001 δηλονότι
884 1952 964 1989 σπον-
1004 1931 1099 1998 ζονται.
1112 1967 1153 1978 --
1167 1932 1228 2014 Χρὴ
1241 1933 1561 2016 γάρτοῦςῆγεμόνας...
1575 1939 1588 2017 ]
1603 1942 1634 1999 οὗ
1655 1941 1786 2025 mm.

180 2017 236 2084 δάς.
247 2051 288 2063 -
306 2015 375 2096 Περί
387 2015 517 2098 Πριήνης]
532 2015 644 2088 πλησίον
660 2014 711 2096 γὰρ
724 2008 756 2089 ἤν
768 2020 814 2088 τῆς
828 2016 963 2092 Μιλήτου,
1004 2016 1055 2091 σίν,
1071 2021 1098 2077 ἀν
1113 2021 1166 2087 τοῖς
1182 2022 1320 2089 ἰδιωτικοῖς
1340 2023 1480 2103 πράγμασι
1492 2024 1550 2092 τοὺς
1563 2027 1700 2105 ήγεμόνας
1717 2031 1787 2110 προί-

139 2125 167 2162 ειι
179 2104 226 2164 καί
238 2103 343 2176 ἐζήτουν
360 2102 442 2177 αθτῆν
456 2102 525 2183 ἔχειν
541 2108 565 2163 οἱ
578 2103 715 2176 Μιλήσιοι.
730 2139 771 2150 -
785 2106 963 2182 Ξυνεπελαμ-
1003 2127 1070 2184 χειν,
1086 2107 1143 2165 ἀλλ’
1162 2110 1188 2166 ἐν
1202 2112 1255 2175 τοῖς
1270 2110 1370 2176 κοινοῖς.
1385 2146 1426 2155 -
1444 2112 1622 2191 Προσκωιεῖν]
1644 2127 1813 2200 προτιμᾷνἹ

179 2192 301 2271 όάνοντο]
312 2191 435 2264 ἐόοήθουν
447 2195 500 2260 τοῖς
512 2192 659 2264 Μιλησίοις.
671 2227 712 2238 -·
724 2191 887 2273 Νιωτερίσαι
903 2197 963 2272 βου-
1003 2227 1043 2237 -
1053 2193 1104 2253 Ἐκ
1112 2192 1231 2273 πάντων]
1243 2196 1301 2254 ἀντί
1309 2201 1355 2255 τοῦ
1368 2197 1434 2277 ὑπὲρ
1444 2197 1555 2266 πάντας.
1569 2198 1639 2260 τὸδὲ
1650 2205 1679 2261 ἓν
1693 2204 1784 2276 ἀλλοις

177 2281 294 2360 λόμενοι]
313 2280 430 2347 θέλοντες
443 2284 634 2356 καινοτομῆσαι
651 2278 699 2350 τήν
719 2280 863 2351 πολιτείαν,
879 2281 962 2357 δημο-
1004 2281 1030 2337 ἐν
1044 2282 1169 2362 προεδρίᾳ
1185 2282 1231 2341 καί
1244 2284 1297 2349 τοῖς
1309 2282 1445 2351 τοιούτοις.
1458 2320 1499 2330 -
1512 2306 1533 2345 2.
1549 2285 1660 2369 Ἡμῶν]
1673 2294 1727 2349 τῶν
1740 2315 1786 2350 πυ-

178 2368 289 2450 ιιρατίαν
304 2366 472 2439 ποιήσαντες.
485 2402 526 2412 -
536 2386 557 2425 σ.
572 2368 619 2433 Ἐς
633 2369 753 2445 Λῆμνον]
765 2373 782 2438 ή
794 2367 845 2448 γάρ
857 2372 963 2446 Λῆμνος
1004 2368 1197 2448 ραθαλασσίων.
1212 2405 1253 2415 -
1266 2370 1482 2450 Ἐνηλλάγησαν]
1500 2373 1558 2432 ἀντὶ
1581 2381 1629 2434 τοῦ
1649 2378 1785 2456 συνέμιξαν

177 2456 292 2529 ὑπήκοος
300 2449 332 2528 ῆν
341 2460 392 2515 τῶν
404 2453 555 2527 Ἀθηναίων.
565 2490 606 2499 -
615 2454 866 2534 Ἐγκαταλιπόντες]
875 2454 961 2528 είςιῆν
1002 2453 1048 2513 καί
1061 2455 1207 2533 ὡμίλησαν.
1222 2458 1337 2518 ἐναντίον
1350 2458 1379 2517 δέ
1394 2461 1449 2518 ἐστι
1462 2463 1500 2541 τῷ
1514 2461 1711 2541 διηλλάγησαν·
1723 2467 1786 2525 διαλ·

137 2581 164 2621 25
180 2543 282 2621 Σάμον.
296 2578 337 2590 -
347 2563 370 2604 ι.
383 2542 420 2604 Οί
429 2545 479 2622 οὐχ
490 2542 645 2622 ὑπέμειναν]
657 2540 705 2614 τῆν
720 2543 910 2622 δημοκρατίαν.
922 2579 962 2590 -—
1003 2543 1174 2625 λαγῆναιγάρ
1184 2545 1278 2604 ἔστιτὸ
1290 2547 1321 2605 δι’
1331 2549 1411 2606 αὐτοῦ
1422 2553 1467 2606 τοῦ
1479 2550 1571 2628 ἐχθροῦ
1581 2554 1811 2631 παρακληθῆναι,

178 2631 338 2710 Ξυνθέμενοι
354 2632 403 2709 ..]
429 2630 649 2711 συμφωνήσαντες
664 2631 716 2697 τοῖς
736 2630 773 2708 μὴ
792 2631 895 2690 θέλουσι
915 2634 962 2703 δη·
1002 2631 1047 2689 καί
1061 2633 1201 2711 φιληθῆναι
1213 2636 1300 2714 αὐτῷ,
1315 2637 1489 2714 ἐναλλαγῆναι
1503 2635 1532 2704 δὲ
1545 2635 1574 2694 τὸ
1587 2638 1642 2698 ἀπὸ
1656 2641 1744 2721 φιλίας
1753 2645 1784 2708 εἰς

178 2728 326 2802 μοκρατεῖν.
340 2721 452 2786 -Τοῑς
466 2716 666 2797 δυνατωτάτοις]
680 2720 732 2777 τῶν
747 2716 857 2795 Σαμίων
869 2720 961 2790 δῆλον·
1003 2719 1090 2800 φιλίαν
1116 2720 1196 2780 άλλου
1221 2723 1407 2798 μεταπηδῆσαέ
1432 2747 1512 2794 τινος,
1538 2725 1634 2805 ἐχθροῦ
1658 2727 1785 2810 όντοςάμ

176 2809 226 2870 ότι.
239 2845 280 2855 -
292 2808 414 2889 Σάρδεις]
426 2805 538 2887 Σάρδεις
550 2805 597 2884 μὲν
614 2806 658 2865 ἐπὶ
674 2810 721 2877 τῆς
735 2805 850 2879 πόλεως,
865 2807 963 2888 Σάρδις
1002 2804 1099 2885 πρώτῳ
1108 2807 1186 2887 φίλῳ.
1203 2841 1244 2852 -
1255 2807 1442 2893 Φυλάξασθαι]
1454 2810 1572 2870 τουτέστι
1583 2813 1741 2893 φοόηθῆναι.
1749 2849 1785 2862 -

177 2897 205 2958 δέ
215 2902 238 2958 οί
247 2899 363 2957 πολῖται.
378 2931 420 2942 -
429 2894 562 2967 Διέόησαν
577 2895 628 2954 ὑπὸ
638 2893 731 2974 νύκτα]
743 2895 831 2973 ἤγουν,
841 2895 962 2965 λαθόντες
1003 2893 1049 2953 Ἐν
1064 2892 1151 2976 πόρῳ]
1165 2899 1191 2954 ἐν
1204 2897 1237 2975 τῇ
1250 2896 1373 2978 παράλῳ.
1386 2896 1466 2978 πόρον
1483 2900 1559 2957 καλεῖ
1572 2898 1608 2958 τὰ
1616 2901 1785 2982 ἐμπόρια.-

137 3021 164 3060 30
176 2987 267 3053 νυκτδς
278 2987 402 3058 είςῆλθον.
411 3018 453 3029 -
461 3003 482 3043 υ.
492 2985 541 3063 Τῷ
555 2982 644 3062 δήμῳ]
655 2986 707 3041 τῶν
719 2985 839 3061 Σαμίων.
850 3018 887 3028 -
900 2987 961 3044 Τῶν
1002 2981 1064 3048 Τοῖς
1076 2980 1161 3061 κάτω]
1175 2984 1225 3049 τοῖς
1240 2983 1388 3063 παραλίοις.
1401 2987 1515 3045 -Τῶν
1529 2986 1645 3066 ὡραίων]
1660 2992 1715 3048 τῶν
1727 3013 1784 3072 καρ-
1793 3019 1812 3058 n

176 3074 318 3153 πλείστων]
338 3075 470 3150 δημοτῶν.
486 3105 527 3116 -
547 3069 726 3150 ’λπέσιησαν]
745 3074 798 3130 τῶν
818 3071 961 3145 Ἀθηναίων
1001 3071 1068 3129 πῶν.
1079 3104 1119 3114 -
1131 3069 1299 3149 Λιγομένων]
1308 3072 1370 3152 παρ’
1381 3075 1467 3149 ἡμῶν.
1480 3072 1533 3130 ἀπὸ
1543 3080 1630 3133 κοινοῦ
1643 3074 1672 3134 δέ
1683 3076 1715 3136 τὸ
1727 3077 1782 3159 χρή.

176 3161 306 3236 δηλονότι.
319 3194 361 3208 --
372 3157 606 3239 Παρεσκιυάζοντο
622 3157 785 3238 στρατεύειν]
798 3159 855 3236 μετ’
867 3161 957 3220 αὐτοῦ.
1001 3191 1041 3201 -
1055 3158 1261 3237 Προςδέχεσθαι]
1275 3159 1398 3228 ἐλπίζειν.
1407 3195 1448 3205 -
1463 3158 1601 3240 Πρόοιντο]
1614 3163 1782 3241 ἀμελήσειεν,

93 3235 97 3246 ’
215 3252 316 3312 cxvl.
338 3247 403 3309 Ἐπί
428 3245 534 3324 Σάμου]
554 3245 669 3304 Ἀττικὸν
689 3246 719 3306 τὸ
738 3245 781 3304 ἐπί
801 3245 904 3323 Σάμου.
920 3283 960 3293 -
1000 3278 1041 3289 -
1052 3263 1075 3305 υ.
1091 3236 1131 3304 Εῦ
1144 3245 1172 3303 δὲ
1185 3247 1334 3325 παρασχόν]
1351 3248 1409 3307 ἀντὶ
1424 3252 1471 3307 τοῦ
1484 3249 1682 3328 παρασχόντος,
1696 3253 1784 3324 δῆλον·

175 3342 234 3401 Ούκ
246 3337 406 3420 ἐχρήσαντο]
421 3334 490 3395 κατὰ
503 3339 550 3406 τῆς
563 3332 719 3411 Σάμου-
732 3337 794 3394 Τῶν
809 3338 960 3394 Φοινισσῶν
1000 3330 1041 3390 ότι
1062 3337 1107 3390 τοῦ
1135 3331 1272 3409 δαίμονος,
1300 3334 1317 3393 ό
1337 3337 1394 3393 ἐστι
1416 3336 1604 3416 δωρησαμένου
1628 3340 1717 3407 αὐτοῖς
1738 3339 1782 3412 τήν

135 3460 161 3501 ³⁶
173 3427 251 3506 νεῶν]
266 3427 361 3499 ἤκουον
379 3423 431 3504 γάρ
445 3422 485 3482 ότι
506 3421 629 3488 Φοίνικες
647 3422 705 3481 κατ’
722 3424 808 3480 αὐτῶν
828 3420 959 3502 ἔρχονται.
1001 3419 1084 3491 νίκην.
1098 3455 1138 3467 -
1151 3440 1173 3482 ι.
1187 3418 1266 3480 Ὅτε
1280 3420 1331 3502 γίιρ
1345 3421 1388 3481 διδ
1401 3422 1448 3494 τῆν
1462 3422 1586 3495 ἡδονὴν..
1597 3425 1626 3504 .]
1640 3425 1671 3484 τὸ
1687 3426 1756 3501 έξῆς,
1768 3427 1812 3494 δη

173 3549 215 3562 ...
225 3515 298 3597 Πρὸς
309 3512 426 3595 Τραγίφι]
436 3510 503 3581 αῦτη
513 3511 599 3569 κεῖται
610 3509 720 3582 πλησίον
732 3511 834 3587 Σάμου.
844 3545 883 3554 -
897 3500 961 3589 Ὧν]
1000 3529 1029 3565 τε
1040 3506 1092 3588 γὰρ
1106 3507 1149 3566 διδι
1162 3507 1209 3579 τῆν
1220 3508 1316 3580 ήδονῆν
1328 3511 1410 3568 ὀκνῶν
1429 3513 1451 3569 εί
1462 3511 1598 3589 ἡσυχάζοι.
1612 3547 1654 3557 --
1666 3511 1706 3574 Ὅ
1719 3517 1783 3573 τεέν

174 3608 226 3663 τῶν
241 3601 362 3680 Σαμίων.
375 3635 416 3646 -
432 3597 634 3679 Στρατιιίτιδες]
653 3595 816 3677 στρατιώτας
834 3595 960 3675 άγουσαι,
1000 3594 1109 3677 πολέμῳ
1122 3604 1180 3668 ...]
1195 3599 1310 3655 ἐντεῦθεν
1322 3595 1436 3655 δείκνυσι
1446 3601 1491 3655 τοῦ
1503 3596 1621 3675 πολέμου
1634 3599 1665 3658 τὸ
1680 3600 1781 3672 ἄδηλον.

174 3691 233 3759 τοὺς
246 3691 388 3769 μέλλοντας
399 3691 567 3764 πεζομαχεῖν·
580 3686 610 3753 ἀς
625 3684 671 3744 καί
687 3683 859 3762 ἱππαγωγοὺς
874 3687 959 3746 καλεῖ.
1000 3718 1041 3728 -
1056 3704 1078 3743 ιι.
1104 3684 1212 3763 Κακῶς]
1232 3683 1356 3755 ἀνοήτως.
1376 3719 1417 3731 -
1430 3684 1634 3766 Ἀόουλοτὲρων]
1652 3688 1781 3747 κακοόω-

174 3814 215 3825 -
228 3800 250 3839 ε.
260 3778 366 3856 Αύτοῖς]
388 3775 441 3842 τοῖς
461 3774 613 3845 Ἀθηναίοις.
628 3808 670 3819 -
684 3773 776 3854 Πεξῷ]
786 3772 910 3850 τάγματι.
920 3810 961 3819 -
1000 3770 1123 3852 λοτέρων.
1142 3807 1183 3817 -
1199 3771 1335 3851 Τυχόντα]
1352 3772 1427 3854 ἔργον
1445 3772 1495 3854 γάρ
1516 3775 1573 3832 ἐστι
1588 3778 1636 3846 τῆς
1652 3774 1737 3854 τύχης
1755 3775 1781 3835 τδ

134 3897 161 3937 ιο
174 3866 255 3949 Τρισλ
270 3864 381 3945 τείχεσι]
398 3861 515 3921 τουτέστι
535 3861 604 3942 τρισί
621 3859 784 3940 τειχίσμασι.
803 3895 844 3906 -
861 3881 883 3920 ε.
897 3865 959 3922 Τῶν
1000 3859 1059 3926 τοὺς
1073 3859 1396 3941 ἐναντίουςάόουλοτέρους
1405 3865 1580 3932 καταστῆσαι·
1587 3863 1646 3921 ἐπεὶ
1657 3865 1690 3922 οὗ
1705 3862 1811 3942 μάγῳ

174 3953 363 4037 ἐφορμουσῶν]
384 3953 436 4010 τῶν
453 3950 648 4030 πολιορκουσῶν
666 3947 715 4019 τήν
734 3947 837 4026 Σάμον,
856 3952 908 4008 τῶν
925 3955 960 4019 εἰς
1001 3947 1123 4015 είόίίτως
1146 3947 1278 4018 ἐνίκησαν.
1296 3983 1337 3993 -
1356 3949 1371 3980 ²*
1391 3948 1438 4015 Ἐς
1462 3948 1633 4028 τούναντίον]
1652 3949 1780 4010 εὖόούλων

174 4043 289 4104 ἐπίθεσιν
301 4043 395 4101 οὐσῶν.
405 4037 516 4099 -Ἐπ’
528 4035 632 4108 αὐτούς]
643 4039 702 4094 κατ’
718 4038 812 4109 αὐτῶν,
821 4040 873 4096 τῶν
885 4037 960 4112 Ἀθη-
1000 4038 1053 4093 τῶν
1074 4035 1196 4094 ἐναντίων
1214 4035 1337 4116 τυχόντα.
1357 4071 1398 4082 -
1419 4035 1585 4114 Ἐνθυμεῖται
1606 4035 1672 4118 γάρ]
1689 4037 1780 4109 οὐδεὶς,

174 4130 263 4191 ναίων.
278 4165 319 4176 -
335 4126 518 4209 Στησαγόρας]
531 4125 571 4185 ότι
584 4123 756 4205 Σπχσαγάρας
768 4123 870 4203 Σάμιος
883 4118 926 4198 ἤν.
1000 4122 1091 4204 φησίν,
1110 4126 1257 4201 ἐνθυμεῖται
1275 4122 1371 4201 ὁμοίως
1389 4115 1426 4191 οἷς
1443 4123 1569 4184 πιστεύει.
1593 4124 1714 4184 πιστεύει
1734 4124 1780 4205 γάρ

213 4221 330 4280 CXVII.
353 4214 568 4298 Προφυλακίδας]
581 4212 629 4281 τάς
639 4213 691 4293 πρὸ
701 4216 753 4271 τῶν
768 4212 855 4271 ἀλλων
867 4215 961 4297 δρμού.
1000 4219 1084 4292 νικᾷν,
1095 4210 1125 4270 εδ
1134 4215 1190 4277 πῶς
1203 4213 1250 4270 οὐκ
1262 4212 1363 4271 ἐννοῶν.
1375 4210 1420 4269 καί
1432 4211 1514 4278 οὐδείς
1526 4210 1622 4289 ὁμοίαις
1632 4212 1703 4295 ίργφι
1715 4213 1781 4280 ἐπεξ.

135 4332 161 4374 ιε
175 4329 314 4376 σας-ε.
328 4303 570 4376 Κατεκλείσθησαν]
583 4298 635 4363 οἷον
644 4300 773 4381 τειχήρεις
783 4299 907 4379 ἐγένοντο.
920 4336 960 4346 -
1001 4298 1107 4380 ἔρχεται
1132 4290 1169 4365 οἷς
1198 4299 1372 4376 ἐπιθυμεῖται.
1400 4297 1512 4357 δείκνυσι
1537 4298 1589 4379 γάρ
1622 4299 1672 4371 τήν
1696 4300 1811 4371 πίοτινη

173 4395 348 4467 Θουκυδίδου]
357 4392 441 4475 ἕτερός
451 4416 491 4460 τις
498 4389 678 4467 θουκυδίδης,
688 4389 747 4470 οὐχί
760 4394 774 4449 ό
787 4389 958 4471 συγγραφεύς.
1001 4389 1106 4466 μείζονα
1119 4391 1170 4446 τῶν
1190 4386 1406 4466 ἐπιθυμημάτων,
1425 4387 1471 4446 καὶ
1483 4386 1514 4446 τδ
1533 4386 1675 4466 ἐνθύμημα
1696 4392 1780 4468 μεῖζον

174 4518 215 4530 -
235 4504 257 4547 υ,
279 4480 490 4564 Προςεχῶρησαν
512 4478 648 4561 ὁμολογία]
673 4479 725 4546 τοῖς
748 4477 899 4550 Ἀθηναίοις.
920 4514 960 4525 -
1000 4481 1046 4536 τοῦ
1064 4474 1150 4556 ἔργου.
1173 4471 1287 4543 Ἄλλως·
1309 4475 1392 4543 οὐδείς
1409 4473 1460 4556 γάρ
1480 4477 1629 4552 ἐνθυμεῖται
1648 4476 1779 4558 παρόμοια

175 4571 255 4632 Κατά
265 4571 383 4653 χρόνους]
405 4568 464 4629 οὖδί
480 4566 533 4650 γάρ
551 4563 685 4648 εὐπόρουν
698 4566 790 4647 ἀθρόον
810 4568 913 4626 ἐκτῖσαι
929 4567 960 4626 τὸ
1000 4572 1053 4631 τοῖς
1068 4563 1191 4643 βεάαίοις·
1204 4561 1292 4630 πίστις
1304 4561 1355 4644 γδιρ
1369 4566 1481 4622 ἐνταῦθα
1493 4561 1541 4634 τῆν
1558 4561 1721 4641 βεόαιότητα
1731 4565 1779 4623 τῦέ

174 4668 238 4721 πᾶν.
250 4694 290 4706 -
303 4657 465 4735 Ταξάμενοι]
480 4656 621 4738 ὁρίσαντες.
636 4689 679 4701 --
693 4654 862 4728 Ξυνέόησαν]
882 4678 959 4714 συνε-
1000 4651 1165 4797 φραγμάτων
1178 4649 1224 4711 καί
1235 4650 1283 4722 τῆν
1294 4653 1400 4732 ἀσφαλῆ
1410 4643 1540 4709 ’ἀπόόασιν
1553 4649 1687 4728 σημαίνει·
1701 4650 1781 4717 ούδείε

136 4735 806 4912 ωίωόίῦίιῖόίλῖπᾝῖλίῖίδῆλοίῖζ.
819 4852 959 4910 πεπρ...
999 4737 1619 4906 τίάέείῶλῗὶίῖἶῆθῶῦίῖίῆλξ
1636 4736 1811 4907 W?

175 4921 324 5002 καιδεκάτῳ
338 4920 391 4980 έτει
403 4923 455 4979 τῶν
477 4921 604 4982 σπονδῶν.
621 4954 662 4964 --
679 4917 735 4978 Καί
746 4915 797 4976 όσα
817 4916 957 4998 πρόφασις]
1001 4914 1043 4974 διδ
1056 4914 1086 4974 τὸ
1100 4914 1145 4973 καί
1157 4913 1204 4985 τῆν
1218 4911 1326 4991 γνώμην
1341 4916 1416 4991 ήμῶν
1438 4910 1563 4971 ἀόέόαιον
1583 4901 1664 4985 ε’ίναι,
1684 4913 1732 4973 καί
1747 4910 1779 4972 τά

110 5003 114 5014 '
176 5007 260 5067 αίτία·
281 5009 361 5085 ἤγουν
379 5005 410 5065 τδ
428 5004 575 5067 Κυλώνειον
594 5005 656 5086 άγος
676 5003 774 5064 καὶτὰ
794 5004 956 5066 Παυσανίου.
998 5003 1144 5085 πράγματα
1159 5000 1196 5079 μὴ
1211 5000 1279 5060 κατὰ
1292 4999 1340 5072 τήν
1354 5000 1458 5070 θέλησιν
1473 5003 1548 5077 ἡμῶν
1562 5002 1695 5082 ἀπαντφν,
1711 5001 1777 5061 ἀλλά

175 5130 216 5141 -
224 5097 310 5156 Τοῦδε
315 5098 360 5153 τοῦ
372 5093 498 5167 πολέμου]
510 5099 555 5152 ταῦ
564 5095 825 5164 Πελοποννησιακοῦ,
837 5095 883 5150 τοῦ
893 5113 960 5168 προ·
1000 5091 1067 5168 μετά
1076 5089 1109 5150 τά
1121 5092 1245 5173 ἀσφαλῶς
1256 5088 1337 5149 ἐνίοτε
1349 5087 1517 5163 δοξασθέντα,
1526 5086 1585 5160 ἤτοι
1595 5088 1777 5167 βουλευθέντα,
