3676 5828
636 317 830 377 HISTORIAE
850 317 924 377 LlB.
949 318 1016 389 lit,
1042 329 1074 379 15
1090 331 1184 381 -19,
1655 342 1711 393 296

108 455 154 515 καλ
167 458 228 520 ναῦς
241 451 286 512 καλ
298 450 405 516 ὁπλίτας
418 448 570 526 ἑτοιμάζων.
607 448 638 524 (ε)
654 447 794 524 Πέμπουσι
805 447 889 506 δὲκαὶ
935 455 1022 506 milites
1036 469 1186 520 comparans.
1221 459 1455 520 (mitittuntautem
1472 465 1714 518 ntlreniensesetiam

108 543 169 624 περὶ
182 540 230 613 τὴν
245 537 444 609 Πελοπόννησον
457 539 480 593 οἱ
493 535 622 606 Ἀθηναῖοι
636 533 718 593 εἴκοσι
730 541 808 607 ναῖς,
820 533 890 602 ὁπως
933 543 997 591 sirm
1006 543 1197 607 Peloponnesum
1208 547 1291 608 viginti
1300 560 1388 608 naves,
1400 554 1427 597 ut
1437 550 1605 613 observarent,
1618 555 1712 616 nequis

108 628 265 712 φυλάσσοιεν
280 624 380 702 μηδένα
394 623 447 681 ἀπὸ
463 621 588 701 Κορίνθου
599 620 644 681 καλ
655 625 702 692 τῆς
718 620 886 692 Πελοποννὴ-
934 643 948 677 e
964 630 1078 679 Corintho
1093 636 1117 680 et
1128 644 1158 680 ex
1174 632 1338 695 Peloponneso
1354 634 1472 695 trajiceret
1488 637 1512 686 iu
1531 639 1644 689 siciliam.
1679 644 1713 703 (3)

109 740 157 774 σου
171 718 196 781 ἐς
208 713 255 785 τὴν
270 711 392 772 Σικελίαν
404 713 585 789 περαιοῦσθαι.
628 708 662 786 (a)
677 710 712 767 Οἳ
727 706 778 787 γάρ
792 705 889 784 Κορίν-
933 717 993 765 Nam
1007 717 1139 778 corinthii,
1154 725 1281 782 postquam
1300 720 1371 781 legati
1384 722 1415 770 ad
1430 737 1472 773 eos
1491 731 1622 787 venerunt,
1640 734 1664 777 et
1677 741 1717 778 rea

84 810 87 817 '
109 809 175 873 θιοι,
189 806 223 867 ὡς
235 802 322 865 αὐτοῖς
335 801 358 856 οἱ
373 795 493 877 πρέσύεις
503 789 567 866 ἡκον
581 795 626 854 καί
639 794 673 853 τδι
687 797 714 853 ἐν
732 819 765 874 τη
777 793 890 875 ’Σικελία
936 803 960 850 in
972 803 1051 852 sinilia
1062 804 1160 854 meliore
1169 806 1304 856 conditione
1313 821 1367 857 esse
1378 811 1568 873 nunciaverunt,
1579 814 1715 865 existiman·

112 889 207 969 βελτίω
217 887 354 966 ἤγγελλον,
368 882 520 962 νομίσαντες
533 884 580 942 οὐκ
591 882 698 962 ιίκαιρον
710 881 756 940 καὶ
767 880 814 953 τὴν
826 904 891 961 προ-
934 893 985 950 tes,
996 895 1020 939 et
1029 891 1132 953 priorem
1141 893 1242 942 classem
1253 907 1299 943 uon
1307 897 1474 958 intempestive
1483 910 1531 947 ase
1541 899 1638 949 missam
1648 913 1716 962 essa,

110 982 189 1063 πέραν
209 979 309 1060 πίμψιν
327 981 379 1036 τῶν
397 980 461 1034 νεῶν
481 975 658 1051 ποιήσασθαι,
679 975 769 1054 πολλῷ
790 974 890 1050 μᾶλλον
935 977 1094 1040 multomagis
1105 979 1183 1028 animo
1193 981 1403 1045 oontirmabnntur,
1417 989 1526 1047 etqnum
1535 986 1582 1048 ipsi
1591 988 1716 1049 graviter·

112 1069 266 1150 ἐπίρρωντο,
280 1064 324 1125 καὶ
333 1068 359 1123 ἐν
369 1062 461 1122 ὁλκάσι
470 1061 693 1144 παρεσκευάζοντο
701 1061 775 1120 αθτοί
783 1084 812 1120 τε
822 1063 892 1120 ἀπο-
935 1069 1035 1114 mature
1046 1065 1133 1115 milites
1142 1067 1167 1115 iu
1176 1067 1290 1117 onerariis
1301 1069 1403 1118 navibus
1418 1071 1442 1119 in
1451 1071 1556 1121 siciliam
1568 1074 1666 1124 mittere
1675 1088 1716 1138 pe·

112 1158 261 1220 στελοῦντες
275 1151 383 1217 ὁπλίτας
397 1153 421 1217 ἐς
433 1149 481 1222 τὴν
496 1150 629 1222 Σικελίαν,
643 1150 688 1208 καὶ
707 1153 737 1207 ἐκ
749 1153 795 1220 τῆς
810 1147 892 1220 ἄλλης
936 1151 1034 1212 rabant,
1055 1157 1106 1202 tum
1122 1154 1196 1204 etiam
1213 1154 1387 1205 inesdmmonii
1406 1157 1491 1207 eodem
1507 1158 1579 1209 modo
1594 1173 1623 1211 ea
1639 1165 1720 1212 oetera

114 1241 313 1311 Πελοποννήσου
326 1242 349 1297 σί
364 1237 566 1315 Λακεδαιμόνιοι
579 1241 617 1316 τῷ
631 1239 702 1317 αὐτῷ
718 1235 807 1317 τρίτῳ
820 1234 891 1313 πίμ-
936 1239 1106 1301 Peloponneso.
1149 1242 1181 1303 (i)
1199 1244 1230 1291 Et
1246 1242 1364 1294 corinthii
1378 1243 1579 1309 vigintiquinque
1594 1260 1668 1298 neves
1685 1248 1718 1299 iu·

112 1334 210 1410 ψοοτες,
252 1330 282 1405 (ς)
303 1330 374 1393 Νοῦς
392 1349 421 1383 τε
440 1328 463 1383 οἱ
485 1323 615 1404 Κορίνθιοι
635 1322 712 1382 πέντε
730 1322 776 1381 καὶ
796 1321 891 1381 εἴκοσιν
936 1330 1127 1388 struxerunt‚ut
1135 1341 1239 1391 pugnum
1249 1331 1358 1380 navalem
1368 1332 1532 1394 experirentur
1541 1333 1656 1384 adversus
1666 1348 1718 1399 spe·

112 1416 251 1497 ἐπλήρουν,
265 1416 335 1480 ὁπως
347 1411 496 1491 ναυμαχίας
508 1435 537 1470 τι
551 1410 749 1491 ἀπυπειράσωσι
763 1413 827 1490 πρὸς
844 1409 892 1481 τὴν
936 1413 1063 1464 eulatorias
1081 1415 1147 1475 illes,
1162 1430 1218 1478 qum
1234 1417 1330 1467 stabant
1342 1417 1374 1468 ad
1386 1421 1545 1483 naupactum,
1562 1426 1637 1484 utque
1649 1424 1725 1474 nano

113 1507 182 1582 ἐντῇ
193 1500 345 1580 Ναυπάκτῳ
352 1499 480 1581 φυλακήν,
488 1497 533 1556 καί
542 1497 589 1563 τὰς
598 1498 711 1564 ὁλκάδας
719 1499 805 1556 αὐτῶν
812 1489 892 1569 ἡσσον
936 1500 1044 1563 uieusea,
1055 1503 1097 1565 qui
1108 1504 1224 1566 Naupacti
1235 1510 1316 1566 erant,
1327 1506 1488 1556 onerariarum
1501 1507 1608 1570 ipsorum
1620 1509 1720 1560 navium

113 1594 137 1651 οἱ
152 1593 179 1648 ἐν
193 1594 226 1668 τῇ
241 1589 394 1668 Ναυπάκτῳ
409 1588 539 1657 Ἀθηναῖοι
551 1585 673 1645 κωλύοιεν
686 1584 816 1666 ἀπαίρειν,
829 1584 893 1666 πρὸς
936 1588 1106 1651 protectionem
1124 1592 1204 1640 miuus
1223 1592 1378 1655 impedirent,
1393 1594 1414 1643 si
1431 1592 1457 1643 id
1474 1594 1547 1644 modo
1561 1601 1674 1658 egerent,
1692 1601 1721 1648 ut

114 1677 162 1750 τὴν
177 1676 302 1760 σφετέραν
314 1674 443 1743 ἀντίταξιν
455 1678 506 1732 τῶν
518 1673 632 1755 τριήρων
645 1672 693 1744 τὴν
707 1672 826 1754 ρυλακὴν
836 1695 894 1732 ποι-
937 1675 1049 1726 hostilem
1061 1676 1193 1727 triremium
1206 1680 1384 1731 corinthiarum
1393 1681 1470 1732 aciem
1478 1682 1643 1734 observarent.

115 1790 144 1824 ου
180 1789 227 1826 vor.

146 1789 258 1914 μλίλίΠΙ.
281 1848 513 1932 Παρεσκευάζοντο
530 1847 617 1906 δὲκαὶ
634 1846 682 1920 τὴν
702 1850 727 1914 ἐς
744 1846 793 1919 τὴν
807 1846 893 1907 Ἀττι-
967 1859 1054 1908 XVIII.
1071 1858 1219 1921 apparabant
1237 1873 1295 1910 vero
1313 1861 1384 1910 etiam
1397 1861 1574 1925 expeditionem
1584 1863 1723 1915 inatttmm

117 1940 166 2013 κὴν
180 1939 289 2010 ἐσύολὴν
304 1942 327 1997 οἱ
342 1935 559 2013 Λακεδαιμόνιοι,
574 1934 663 2016 ὥσπερ
681 1959 710 1994 τε
723 1934 895 2015 προεδίδοκτο
938 1944 1127 2005 burednmonii,
1139 1949 1167 1994 ut
1178 1951 1204 1996 et
1216 1951 1273 1996 nate
1291 1947 1411 2010 plamerat
1420 1949 1464 2010 iis,
1478 1955 1504 2000 et
1516 1953 1722 2013 syracusanorum

118 2028 216 2100 αὐτοῖς,
229 2026 274 2085 καλ
287 2030 337 2084 τῶν
351 2023 520 2105 Συρακοσίων
530 2023 576 2081 καὶ
587 2022 729 2105 Κορινθίων
741 2021 895 2100 ἐναγόντων,
939 2036 1011 2095 atque
1026 2033 1206 2084 Corinthiorum
1222 2034 1349 2097 instinctu,
1361 2041 1487 2099 postquam
1499 2037 1639 2098 audierunt,
1653 2037 1720 2088 auxi·

117 2113 207 2186 ἐπειδὴ
222 2113 392 2172 ἐπυνθάνοντο
409 2111 457 2184 τὴν
475 2111 596 2170 oieb-aibr
616 2108 756 2181 Ἀθηναίων
776 2109 896 2190 βοήθειαν
940 2120 1000 2170 lium
1009 2120 1040 2171 ab
1049 2121 1236 2172 Atheniensibus
1247 2123 1387 2174 iuSiciliam
1397 2125 1513 2186 mitti,ut
1521 2125 1652 2188 irruptione
1662 2124 1724 2175 laeta

118 2201 209 2274 ἐςτὴν
224 2200 356 2271 Σικελίαν,
374 2198 445 2265 ὁπως
461 2197 494 2270 δὴ
513 2198 623 2268 ἐσθολῆς
642 2196 783 2276 γενομένης
801 2198 895 2256 διακω·
943 2208 1106 2271 impediretur.
1146 2213 1178 2260 Et
1196 2210 1329 2261 Alcibiades
1349 2210 1468 2271 instabat,
1485 2211 1573 2262 doeens
1593 2213 1724 2263 Deceleam

117 2292 191 2369 λυθῇ.
234 2289 288 2348 Καὶ
301 2292 315 2346 ὁ
330 2286 496 2357 Ἀλκιδιάδης
513 2283 698 2366 προσκείμενος
717 2284 836 2343 ἐδίδασκε
848 2283 896 2356 τὴν
940 2295 1093 2346 muniendam
1109 2309 1220 2347 meones
1234 2297 1324 2348 ὁυΙΙυιιι
1342 2299 1519 2348 remittendum.
1551 2299 1584 2362 (2)
1602 2299 1725 2364 Praecipue

118 2377 257 2436 Δεκελειαν
270 2375 391 2455 τειχίζειν
405 2375 452 2434 καί
466 2373 503 2452 μὴ
519 2372 617 2432 ἀνιέναι
631 2373 675 2431 τδν
694 2372 819 2450 πολεμον.
861 2375 895 2452 (ε)
943 2381 1128 2444 reroquoddam
1137 2384 1210 2432 animi
1220 2385 1294 2434 robur
1301 2385 1488 2435 Lacedaemoniis
1497 2399 1565 2436 exeo
1576 2391 1724 2448 accesserat,

120 2465 245 2524 Μάλιστα
262 2463 289 2521 δὲ
303 2467 356 2529 τοῖς
377 2460 591 2538 Λακεδαιμονίοις
605 2459 742 2538 ἐγεγένητὸ
754 2483 793 2527 τις
807 2459 897 2542 ῥύμη,
940 2468 1007 2530 quod
1018 2469 1203 2531 existimbant,
1219 2472 1393 2534 Atlrenieuses,
1406 2473 1463 2522 dum
1475 2473 1564 2536 duplex
1580 2473 1669 2524 bellum
1685 2487 1725 2536 ge·

120 2551 185 2610 διότι
202 2550 260 2617 τοὺς
280 2549 427 2622 Ἀθηναίους
450 2547 566 2625 ἐνόμιζον
588 2549 694 2606 διπλοῦν
717 2547 761 2606 τὸν
783 2547 897 2626 πόλεμον
942 2559 1517 2619 rarent,eontraaeetsieilienees,useleutius
1528 2559 1673 2610 debellatum
1682 2559 1726 2624 lrl,

120 2637 240 2717 ἔχοντας,
253 2637 317 2717 πρός
330 2661 358 2695 τε
374 2645 441 2716 opii<
455 2636 500 2694 καί
514 2633 690 2708 Σικελιώτας,
705 2637 898 2716 εὐκαθαιρετω-
942 2647 967 2692 et
980 2643 1044 2706 quod
1054 2643 1195 2694 eosimdera
1203 2646 1294 2708 priores
1303 2646 1401 2708 fregisse
1410 2646 1541 2708 ducebant3
1551 2660 1608 2697 nam
1622 2649 1647 2697 in
1657 2660 1726 2711 snpe-

120 2727 208 2806 τέρους
221 2724 338 2796 ἔσεσθαι,
352 2724 399 2783 καὶ
408 2723 447 2782 ὁτι
460 2723 507 2790 τὰς
519 2721 632 2789 σπονδὰς
644 2721 786 2802 προτέρους
797 2722 900 2783 λελυκέ·
943 2730 1004 2779 riore
1015 2729 1078 2780 bello
1095 2744 1169 2781 suum
1185 2733 1266 2796 potius
1283 2738 1408 2796 pareatum
1428 2734 1515 2795 luisse,
1533 2735 1599 2798 quod
1617 2735 1727 2786 Thebani

121 2837 164 2871 ναι
179 2817 289 2891 ἡγοῦντο
303 2811 404 2878 αὐτούς·
419 2815 445 2870 ἐν
464 2810 515 2889 γὰρ
527 2814 566 2891 τῷ
581 2809 701 2890 προτέρῳ
715 2808 822 2891 πολέμῳ
834 2810 900 2893 σρέ-
943 2816 1060 2867 foderum
1071 2822 1177 2881 ternpore
1188 2819 1301 2869 Plateam
1311 2821 1469 2884 intrusissent,
1478 2827 1515 2884 et,
1526 2836 1601 2886 quum
1611 2823 1635 2873 in
1646 2823 1728 2886 priori·

121 2923 194 2980 τερον
214 2900 244 2958 τὸ
268 2898 450 2980 παρανόμημα
477 2899 577 2975 μᾶλλον
600 2895 733 2976 γενέσθαι,
756 2895 796 2957 δτι
821 2920 850 2957 τε
875 2901 901 2965 ἐς
944 2904 990 2954 bus
1001 2904 1152 2967 pactionibus
1163 2910 1260 2956 nautum
1272 2913 1349 2970 esset,
1364 2921 1395 2959 ne
1408 2909 1674 2971 armalnlerrentur,si
1686 2910 1726 2972 jn·

123 2987 262 3046 Πλάταιαν
281 2980 359 3058 ἦλθον
377 2986 493 3059 Θηθαῖοι
512 2988 538 3044 ἐν
554 2986 688 3056 σπονδαῖς,
701 2984 746 3042 καλ
765 2985 901 3066 εἰρημένον
944 2991 1034 3041 dicium
1050 2992 1131 3042 subire
1147 2994 1247 3053 vellent,
1264 2995 1311 3057 ipsi
1322 2994 1483 3058 adjudicium
1494 2997 1526 3046 ab
1541 2997 1728 3048 Atheniensibus

122 3078 149 3133 ἐν
159 3083 217 3140 ταῖς
230 3073 353 3154 πρότερον
368 3072 503 3143 ξυνθὴκαις
514 3071 582 3130 ὅπλα
596 3071 632 3149 μὴ
646 3071 775 3154 ἐπιφέρειν
785 3070 817 3143 ἦν
830 3073 903 3141 δίκας
944 3080 1065 3142 provocati
1073 3080 1154 3131 venire
1161 3080 1302 3131 noluissent.
1328 3085 1524 3146 litpropterenee
1533 3085 1620 3135 merito
1626 3085 1729 3136 adversa

123 3160 216 3220 θέλωσι
235 3159 347 3233 διδόναι,
364 3159 437 3218 αὐτοὶ
455 3161 504 3238 οὐχ
523 3158 653 3229 ὁπὴκουον
671 3160 697 3225 ἐς
712 3157 785 3226 δίκας
801 3183 902 3242 προκα-
946 3167 1042 3217 fortuna
1054 3181 1112 3218 usos
1121 3168 1290 3219 existimabant
1299 3174 1324 3219 et
1339 3183 1414 3233 quum
1424 3170 1490 3220 illam
1498 3170 1687 3235 eladem,quam
1696 3171 1728 3221 ad

122 3247 254 3325 inspirer
277 3252 329 3306 τῶν
355 3246 505 3319 Ἀθηναίων.
556 3246 612 3306 Kal
635 3245 678 3305 δεδι
700 3252 778 3306 τοῦτο
798 3247 903 3316 είκὸτως
946 3255 1032 3318 Pylum
1045 3261 1198 3320 acceperant,
1211 3257 1361 3318 tumeliam,
1381 3258 1402 3307 si
1416 3271 1464 3321 qua
1478 3258 1524 3308 alia
1538 3259 1567 3308 iia
1581 3259 1727 3322 mntigerat,

123 3338 259 3415 δυστυχεῖν
276 3359 305 3394 τε
325 3334 451 3412 ἐνόμιζον,
472 3334 517 3393 καί
539 3337 710 3412 ἐνεθυμοῦντο
727 3333 774 3405 τήν
793 3358 822 3394 τε
843 3338 903 3419 περὶ
946 3343 1026 3392 εοίιυο
1043 3344 1179 3394 volutantes
1198 3344 1304 3406 religioni
1325 3345 1459 3395 vertebant.
1501 3345 1535 3407 (3)
1551 3349 1583 3395 At
1598 3351 1728 3410 postquam

124 3423 213 3483 Πύλον
231 3422 362 3504 ξυμφοράν
381 3423 426 3480 καὶ
440 3422 464 3480 εί
477 3445 516 3488 τις
533 3423 601 3493 άλλη
617 3424 703 3489 αὐτοῖς
720 3421 827 3500 γένοιτο.
870 3427 902 3503 (ο)
946 3431 1104 3481 Athenienses
1114 3444 1170 3481 eum
1186 3433 1283 3493 triginta
1294 3432 1396 3482 naribus
1411 3433 1480 3496 Argia
1494 3433 1595 3497 proiecti
1611 3434 1661 3496 agri
1674 3435 1729 3498 lipi-

124 3510 235 3583 Ἐπειδὴ
250 3509 277 3569 δὲ
291 3515 315 3569 οἱ
330 3512 460 3581 Ἀθηναῖοι
473 3518 530 3577 ταῖς
543 3509 682 3590 τριάκοντα
697 3509 786 3569 ναυσίν
800 3510 826 3580 ἐξ
840 3509 904 3593 Ἀρ·
947 3517 1023 3567 daurii
1032 3522 1123 3581 partem
1133 3523 1157 3568 el
1167 3520 1302 3569 Prasiorum
1312 3524 1337 3570 et
1348 3520 1394 3570 alia
1405 3521 1457 3571 lona
1470 3525 1609 3582 vastarunt,
1624 3522 1729 3573 etslmul

124 3620 183 3673 γους
202 3596 348 3676 ὁρμώμενοι
367 3593 527 3676 Ἐπιδαύρου
548 3594 578 3653 τέ
600 3596 691 3655 τεκαὶ
711 3600 838 3676 Πρασιῶν
858 3598 905 3657 καί
948 3605 1020 3654 etiam
1033 3604 1094 3667 Pylo
1110 3605 1254 3667 prodeuntes
1266 3606 1389 3657 latrocinia
1403 3607 1561 3670 exercebant,
1577 3612 1603 3660 et
1617 3609 1730 3672 quotiens

125 3684 194 3743 ἄλλα
209 3685 326 3763 ἐδῄωσαν
341 3683 387 3742 καὶ
400 3687 430 3742 ἐκ
442 3683 533 3743 Πύλου
545 3682 603 3761 ἅμα
617 3683 766 3764 ἐλῇστευον,
781 3686 827 3744 καὶ
839 3685 905 3745 ὁσά-
948 3696 1000 3741 orta
1008 3697 1072 3743 esset
1083 3693 1246 3742 eontrorersia
1259 3692 1289 3743 de
1300 3694 1381 3757 aliqua
1389 3694 1569 3756 oondltionunr,
1579 3709 1635 3758 quae
1649 3697 1675 3746 in
1688 3696 1730 3746 los·

125 3796 165 3838 κις
182 3772 241 3852 περί
255 3795 300 3830 του
320 3772 441 3852 διαροραλ
459 3768 572 3849 γίνοιντο
586 3775 638 3830 τῶν
650 3770 719 3831 κατά
734 3772 781 3840 τδις
793 3773 906 3841 σπονδὰς
948 3779 1045 3828 deribus
1056 3784 1124 3829 erant
1138 3780 1231 3841 dubiae,
1243 3779 1274 3830 ad
1284 3781 1402 3842 jndioium
1416 3782 1632 3833 abaoedmmoniis
1644 3797 1729 3846 prore·

127 3858 389 3940 ἀμρισὸητουμένων,
404 3861 429 3924 ἐς
439 3857 511 3925 δίκας
522 3859 741 3939 προκαλουμένων
752 3865 804 3919 τῶν
811 3865 906 3921 οΑακε-
948 3865 996 3914 tati
1012 3877 1061 3914 rem
1072 3866 1109 3914 eis
1120 3866 1257 3927 permittere
1269 3868 1393 3929 nolebant,
1407 3872 1465 3918 tuno
1477 3882 1535 3920 rero
1546 3870 1730 3932 baredremonii,

126 3946 266 4024 δαιμονίων
280 3949 327 4006 οὐκ
338 3947 431 4017 ἤθελον
444 3945 599 4026 ἐπιτρέπειν,
614 3947 671 4006 τότε
689 3946 720 4018 δὴ
735 3951 759 4006 oi
773 3951 906 4008 Λακεδαι-
950 3952 1129 4012 existimantes,
1139 3958 1264 4016 peecatum
1273 3954 1422 4019 illud,quod
1434 3957 1480 4019 ipsi
1489 3958 1661 4021 quoqueprius
1671 3971 1732 4008 mm

124 4034 211 4112 μὸνιοι
232 4035 383 4111 νομίσαντες
407 4033 438 4091 τὸ
460 4033 657 4114 παρανύμημα,
678 4034 742 4116 ὁπερ
764 4036 808 4094 καὶ
833 4037 906 4118 apim
950 4039 1636 4105 misissent,ideminntbenienaeerectdisse,adbetium
1645 4045 1733 4095 animis

126 4121 252 4203 πρότερον
267 4121 423 4201 ἡμάρτητο,
439 4112 511 4188 αὖθις
530 4123 555 4188 ἐς
568 4120 627 4188 τοὺς
643 4122 789 4194 Ἀθηναίους
802 4123 832 4183 τὸ
845 4126 907 4183 αὐτὸ
950 4131 1017 4176 erant
1028 4128 1147 4191 propensi.
1181 4128 1732 4190 (ί)λιηυειιυιιθίειιθεοοίοοίιεοΙιίιειεισοίε1

126 4209 312 4289 περιεστάναι,
323 4211 452 4290 πρόθυμοι
466 4202 533 4281 ἦσαν
546 4211 572 4276 ἐς
583 4209 628 4267 τὸν
641 4209 765 4288 πόλεμον.
808 4214 839 4289 (ι)
853 4211 907 4272 Καὶ
950 4214 1086 4264 summissis
1101 4214 1191 4264 terrum
1208 4215 1370 4278 imperabant.
1390 4220 1417 4265 θί
1433 4221 1511 4265 ῦθῑθῐθ
1527 4215 1687 4266 instrumenta
1701 4215 1733 4266 td

127 4300 154 4356 ἐν
169 4302 207 4377 τῷ
225 4302 336 4376 χειμῶνι
355 4297 438 4379 τούτῳ
457 4298 563 4378 σίδηρόν
584 4320 613 4355 τε
631 4298 819 4380 περιήγγελλον
840 4299 909 4359 κατὰ
951 4316 1075 4352 murorum
1092 4303 1279 4352 exstructionem
1295 4304 1475 4367 preparabant,
1492 4307 1518 4352 et
1535 4303 1608 4353 simul
1625 4304 1734 4354 etiamst

128 4384 188 4452 τοὺς
209 4384 361 4464 ξυμμάχους
379 4387 424 4444 καὶ
436 4378 520 4445 τάλλα
535 4387 657 4466 ἐργαλεῖα
674 4387 815 4465 ἡτοίμαζον
828 4390 854 4454 ἐς
864 4387 909 4447 τδν
952 4389 997 4452 ipsi
1010 4389 1125 4452 wabini
1136 4394 1161 4439 et
1172 4394 1263 4441 telem
1281 4390 1466 4453 Peloponnesios
1477 4389 1618 4452 adigebant,
1629 4396 1657 4441 ut
1671 4391 1732 4458 itur,

130 4473 318 4552 ἐπιτειχισμόν,
332 4473 378 4531 καὶ
391 4475 443 4540 τοῖς
455 4477 481 4532 ἐν
494 4477 527 4552 τῇ
540 4472 648 4552 Σικελία
663 4472 720 4550 tipo
736 4477 771 4540 ὡς
785 4473 908 4552 ἀποπέρ-
951 4477 1100 4539 quierantin
1110 4477 1202 4533 sicilia,
1213 4477 1593 4528 auxiliuminonerariisnaribus
1601 4477 1732 4530 mitterent.

129 4565 220 4641 ψοντες
240 4563 266 4618 ἐν
288 4569 344 4627 ταῖς
361 4559 469 4619 ὁλκάσιν
488 4559 640 4640 ἐπικουρίαν
661 4559 735 4619 αὐτοί
751 4584 779 4619 τε
793 4561 909 4644 ἐπόριζον
952 4568 1031 4625 nique
1038 4563 1090 4612 haec
1098 4565 1174 4613 biems
1181 4564 1315 4626 finiebatur,
1323 4569 1348 4614 et
1355 4565 1427 4626 buius
1434 4564 1735 4628 betti,quodTbueydidtt

130 4647 246 4714 καὶτοὺς
260 4648 353 4715 ἄλλους
368 4648 594 4720 Πελοποννησίους
606 4647 833 4727 προσηνάγκαζον.
856 4650 911 4710 Καὶ
952 4650 1110 4713 materiem,
1121 4649 1332 4715 dmdttlsseaimut
1340 4664 1417 4701 annus
1428 4651 1563 4701 finiebatur-

131 4738 146 4792 ὁ
157 4734 257 4813 χειμὼν
267 4735 405 4807 ἐτελεύτα,
416 4734 460 4793 καὶ
469 4734 558 4811 ύγδοον
570 4735 616 4793 καί
626 4734 733 4794 δέκατον
746 4733 802 4802 ἔτος
809 4739 848 4814 τῷ
859 4759 911 4795 πο-

131 4821 206 4901 λέμῳ
218 4822 338 4880 ἐτελεύτα
353 4824 419 4901 τῷδε
433 4821 461 4880 δν
472 4822 634 4894 Θουκυδίδης
646 4821 812 4904 ξυνέγραψεν.

173 4911 246 4969 xix.
268 4913 323 4968 Τοῦ
344 4910 366 4967 δ’
383 4909 578 4987 ἐπιγιγνομένου
596 4901 657 4991 ἡρος
675 4909 747 4976 εὐθὺς
764 4910 911 4991 ἀρχομένου
986 4922 1049 4969 xix.
1067 4919 1137 4968 veris
1152 4922 1232 4967 autern
1250 4918 1399 4980 insequentia
1414 4919 1495 4968 statim
1511 4918 1580 4968 initio
1596 4918 1735 4968 maturrime

132 4994 288 5073 repperirem
301 4994 331 5066 δὴ
344 4998 368 5052 nt
380 4993 583 5072 Λακεδαιμόνιοι
592 4995 637 5054 καὶ
648 4999 671 5055 οἱ
684 4994 817 5075 ξύμμαχοι
828 4999 854 5063 ἐς
864 4998 913 5068 rip
956 5005 1128 5057 beredoemouii
1146 5005 1252 5068 sociique
1272 5004 1425 5066 irruptionem
1443 5006 1471 5057 in
1490 5004 1595 5055 neuram
1613 5005 1733 5065 leserunt}

135 5079 253 5153 Ἀττικὴν
267 5081 402 5141 ἑσέύαλον·
415 5087 503 5161 ἡγεῖτο
517 5082 543 5140 δὲ
557 5074 631 5161 ’Ἆγις
648 5087 662 5142 ὁ
678 5083 835 5163 Ἀρχιδάμου
852 5089 911 5145 Λα·
958 5097 1059 5156 praeerat
1081 5107 1138 5144 rem
1158 5092 1227 5155 Agis,
1245 5090 1381 5143 Arolridaml
1398 5090 1477 5155 iilius,
1494 5091 1731 5147 baredaemoniorum
