3676 5828
647 335 839 398 ursronrn
858 335 934 397 ern.
954 334 1007 413 ιν,
1029 345 1063 397 οι
1078 369 1117 380 -
1132 345 1181 397 οι.
1203 340 1206 347 ’

95 458 100 467 ’
150 470 196 532 colb
206 473 234 537 όις
246 470 330 536 αθτοῖς
344 468 484 547 διάκειται)
498 466 543 527 καλ
555 469 652 546 γνῶναι
664 466 704 526 ότι
714 471 767 535 τοῖς
781 466 828 545 μὲν
840 466 890 526 ἀλ-

149 559 215 626 teat
225 556 399 636 πλησιόχωροι
408 555 467 636 περὶ
483 558 532 632 γῆς
541 552 608 635 ὅρων
623 554 670 621 τὰς
687 553 775 634 μάχας
789 559 892 613 ποιοῦν-

150 670 190 719 ται,
201 648 254 722 ἡμῖν
277 642 348 710 ddi<
366 652 463 715 πᾶσαν,
482 641 514 713 ἢν
534 646 691 720 νικηθῶμεν,
710 636 745 710 εἱς
767 641 825 724 όρος
845 643 893 700 οὐκ

151 736 263 798 ἀπθικτος
275 731 432 809 παγήσεται.
454 728 622 796 Εἱσελθόντες
640 728 691 810 γὰρ
714 729 758 810 βία
773 726 807 788 cd
825 733 893 806 ήμε-

78 888 82 911 γ
151 820 296 905 πρεὶξαυσιν.
311 821 342 896 (ο)
359 816 483 898 Τοσούτῳ
495 815 718 897 ἐπικινδυνοτέραν
735 816 830 897 ἑτέρων
843 815 891 888 τήν

78 926 80 971 t
151 910 270 989 ειροίιησιν
290 907 372 965 τῶνδε
390 904 494 985 έχομεν.
511 904 628 964 Εἰώθασί
645 928 673 962 τε
693 908 716 963 οἱ
738 902 827 983 ἰσχύος
841 927 892 963 που

78 982 82 1035 ί
151 997 214 1075 θρόσει
229 995 277 1060 τοῖς
292 992 388 1061 πέλας,
402 990 491 1072 ὥσπερ
505 992 636 1062 Ἀθηναῖοι
649 996 704 1064 νῦν,
719 991 833 1058 ἐπιόντες
848 990 892 1050 τὸν

152 1083 344 1162 ρὶνήσνχάζοντα
365 1080 410 1140 καὶ
429 1081 503 1159 ε’ντῇ
522 1083 615 1138 ἑαυτοῦ
635 1078 711 1157 μόνον
731 1079 891 1158 ἀμυνόμενον

151 1170 264 1251 ἀδεέστερον
285 1164 488 1249 ἐπιστρατεύειν,
502 1167 546 1225 τὸν
560 1165 588 1225 δὲ
603 1166 651 1235 ἔξω
666 1166 733 1249 όρων
753 1190 892 1247 προαπαν-

151 1261 211 1315 ιῖινια
221 1257 259 1315 καί
271 1255 304 1328 ἢν
315 1255 405 1336 καιρὸς
423 1246 441 1334 ᾖ
458 1255 575 1333 πολέμου
593 1254 708 1334 ἀρχοντα
727 1247 809 1326 ἧσσον
823 1246 891 1315 ἑτοί-

152 1343 313 1425 ρυςκατίχειν.
330 1345 364 1423 (ο)
384 1345 484 1421 Πεῖραν
506 1340 533 1400 δέ
553 1341 649 1422 ἔχομεν
670 1346 746 1419 ήμεῖς
768 1344 847 1401 αὐτοῦ
868 1347 893 1410 ές

151 1432 222 1491 ταῖσδε·
235 1431 383 1502 νικήσαντες
395 1429 447 1510 γὰρ
466 1431 492 1487 ἐν
510 1429 644 1510 Κορωνείᾳ
663 1428 768 1500 αὐτούς,
785 1428 827 1487 ὅτε
844 1429 892 1502 τήν

151 1524 254 1598 γῆιήμῖιν
271 1517 463 1586 στασιαζόντων
483 1516 622 1596 κατέσχον,
636 1516 736 1588 πολλήν
755 1518 843 1576 ἄδειαν
859 1543 892 1590 τη

151 1607 232 1687 berle
252 1605 329 1686 μέχρι
349 1606 425 1664 τοῦδε
452 1605 662 1681 κατεστήσαμεν.
711 1607 745 1683 (7)
763 1595 813 1664 Ὧν
840 1605 892 1687 χρὴ

151 1695 274 1771 μνησθέντος
285 1699 356 1771 ἡμᾶς
363 1692 422 1759 τούς
433 1715 461 1750 τε
471 1692 661 1774 πρεσύυτέρους
672 1696 830 1768 ὁμοιωθῆναι
841 1697 894 1761 τοῖς

150 1780 280 1863 τρλνίργοις,
292 1778 353 1847 τούς
365 1804 393 1838 τε
406 1779 542 1861 νεωτέρους
556 1778 677 1860 πατέρων
691 1782 744 1838 τῶν
758 1778 816 1838 τότε
827 1783 893 1857 ἀγα-

150 1871 185 1926 θιῖν
202 1868 335 1948 γενομένων
362 1869 459 1934 παῖδας
480 1872 621 1948 πειρᾶσθαι
641 1865 679 1943 μὴ
701 1869 825 1946 αἰσχῦναι
847 1867 894 1934 τάς

150 1955 297 2034 προακούσας
321 1954 428 2035 ἀρετάς,
448 1954 638 2021 πιστεύσαντας
656 1953 683 2012 δὲ
703 1957 740 2034 τῷ
761 1958 811 2035 θεῷ
831 1955 894 2036 πρὸς

149 2046 201 2119 ἱρῶν
211 2043 320 2114 ἔσεσθαι,
337 2034 368 2099 οὗ
381 2041 412 2100 τὸ
423 2041 490 2122 ἱερὸν
506 2041 609 2120 ἀνόμως
622 2041 788 2121 τειχίσαντες
798 2041 894 2120 νέμον-

149 2152 189 2201 ·ιιι,
198 2131 234 2189 καλ
245 2133 296 2198 τοῖς
307 2130 386 2211 ἱεροῖς
398 2129 416 2187 ἀ
429 2133 492 2207 ἡμῖν
506 2128 660 2206 θυσαμένοις
675 2127 745 2187 καλόι
759 2128 893 2210 φαίνεται,

120 2244 124 2251 ·
149 2216 432 2297 naeptessernina,
445 2217 490 2274 καὶ
501 2217 581 2284 δεῖξαι
593 2215 633 2274 ότι
642 2261 649 2288 ,
657 2208 693 2274 ὧν
707 2215 754 2292 μὲν
766 2216 894 2294 ἐφίενται,

149 2302 193 2381 πρός
201 2304 250 2371 rebe
263 2303 300 2381 μὴ
316 2301 491 2380 ἀμυνομένους
504 2301 619 2370 ἐπιόντες
635 2302 800 2375 κτάσθωσαν,
817 2296 853 2370 οἱς
867 2303 894 2363 δέ

148 2393 232 2464 γυναῖον
245 2391 292 2463 τήν
307 2415 336 2449 τε
354 2393 439 2448 αὑτῶν
459 2390 499 2447 ἀεὶ
518 2392 665 2469 ἐλευθεροῦν
685 2389 759 2468 μάχῃ
783 2391 828 2449 καλ
847 2391 894 2463 τήν

148 2475 210 2535 idm
227 2477 262 2556 μὴ
284 2479 440 2536 δουλοῦσθαι
465 2476 574 2549 ἀδίκως,
600 2477 822 2554 ἀνανταγώνιστα
849 2480 895 2537 ἀπ’

149 2564 259 2625 matema
272 2565 391 2624 ἀπίασιν.
407 2592 418 2616 ι

176 2654 255 2715 Χίῖἱὶἱ.
268 2657 388 2714 Τοιαῦτα
400 2649 627 2730 θΠαγιίινδαςτοῖς
635 2654 758 2718 Βοιωτοῖς
768 2651 896 2732 παραινέ-

149 2740 360 2805 intuentium
373 2739 417 2798 ἐπὶ
430 2738 487 2805 τοὺς
497 2738 659 2811 Ἀθηναίους,
672 2738 718 2797 καὶ
731 2738 799 2797 κατά
816 2739 897 2818 τάχος

151 2824 265 2900 ίνιστήσας
278 2820 327 2906 ἦγε
341 2827 385 2887 τὸν
403 2827 521 2909 στρατόν·
542 2827 593 2899 ήδη
607 2824 659 2907 γὰρ
677 2825 722 2884 καὶ
740 2831 787 2898 τῆς
799 2826 897 2909 ἡμέρας

150 2907 223 2992 We.
240 2916 317 2978 Ἐπεί
331 2915 360 2975 δέ
376 2913 530 2997 προσέμιξεν
548 2913 624 2993 ἕγγθς
637 2919 682 2973 τοῦ
704 2916 898 2996 στρατεύματος

152 2999 218 3076 ῑθτῦν,
229 3006 252 3071 t<
263 3002 362 3085 χωρίον
374 3002 483 3070 καθίσας
495 3002 552 3061 ὅθεν
565 3002 647 3082 λόρου
661 3001 732 3069 ὄντος
744 3001 840 3080 μεταξὺ
851 3005 897 3062 οὐκ

151 3084 242 3170 ίὶῑθραιν
261 3091 401 3162 ἀλλήλους,
422 3089 517 3149 teuent
530 3114 558 3149 τε
579 3089 625 3149 καὶ
639 3089 848 3169 παρεσκευάζετο
863 3092 898 3156 ὡς

151 3170 258 3258 θμόχην.
300 3179 333 3257 (ε)
351 3182 399 3259 Τῷ
416 3177 442 3236 δὲ
462 3177 631 3259 Ἱπποκράτει
649 3176 702 3235 ἀντι
719 3176 780 3258 περί
795 3176 825 3236 τὸ
840 3176 897 3248 Δή-

151 3257 221 3333 tta&
233 3269 301 3348 αύτῷ
314 3265 429 3345 ἠγγέλθη
441 3264 481 3324 ὅτι
494 3265 604 3325 Βοιωτολ
616 3263 786 3346 ἐπέρχονται,
799 3263 899 3343 πέμπει

150 3346 342 3435 ίττθστρότευμα
354 3353 465 3412 κελεύων
478 3356 503 3420 ἐς
515 3353 586 3421 τάξιν
596 3352 784 3425 καθίστασθαι,
798 3352 844 3410 καλ
855 3354 900 3410 αθ·

149 3433 304 3522 Βώπολλῷ
320 3440 426 3522 ὕστερον
441 3443 552 3514 ἐπῆλθε,
571 3439 725 3499 καταλιπὼν
739 3444 774 3508 ὡς
789 3464 898 3522 τριακο-

147 3523 197 3596 ἱθυς
211 3529 303 3597 ἱππέας
322 3530 382 3611 περὶ
396 3528 426 3586 τὸ
447 3529 553 3602 Δήλιον,
573 3527 644 3595 ὅπως
664 3526 777 3608 φύλακές
796 3551 824 3586 τε
844 3528 899 3606 ἅμα

145 3601 181 3671 alo
191 3616 212 3675 τί
220 3641 257 3684 τις
268 3617 336 3676 ἐπίοι
350 3619 436 3697 αὐτῷ,
449 3617 559 3683 καὶτοῖς
575 3619 698 3681 Βοιωτοῖς
714 3615 804 3696 καιρὸν
817 3615 901 3696 ρυλά·

143 3697 212 3771 ἱίντις
223 3703 380 3784 ἔπιγένοιντο
393 3706 466 3785 ἔντῇ
482 3703 567 3783 μόχῃ.
610 3704 643 3781 (3)
663 3703 773 3762 Βοιωτοί
792 3701 818 3760 δέ
837 3701 900 3783 πρὸς

138 3788 223 3859 ναύταις
234 3790 454 3863 ἀντικατέστησαν
465 3789 525 3857 τοὺς
537 3789 740 3868 ἀμυνουμένους,
752 3788 796 3846 καλ
809 3787 899 3860 ἐπειδὴ

134 3881 206 3947 καλῶς
218 3883 303 3946 αύτοῖς
314 3870 393 3959 εἶχεν,
405 3878 605 3960 ὑπερεραίνησαν
616 3884 660 3936 τοῦ
669 3877 748 3958 λόγου
759 3876 803 3936 καλ
814 3877 899 3936 ἔθεντο

129 3965 234 4027 ritate
251 3965 405 4045 τεταγμένοι
415 3965 504 4046 ὥσπερ
516 3965 635 4042 ἔμελλον,
649 3967 754 4024 ὁπλῖται
775 3969 901 4023 ἑπτακισ-

124 4055 197 4139 χθιοι
209 4056 326 4135 μάλιστα
339 4053 384 4112 καλ
392 4053 463 4134 ψιλοὶ
483 4052 548 4136 ὓπὶρ
558 4053 673 4134 μυρίους,
682 4056 765 4122 ἱππῆς
782 4051 809 4110 δὲ
819 4052 899 4130 χίλιοι

122 4142 164 4203 trel
176 4141 325 4203 πελταπαὶ
338 4139 513 4200 πεντακόσιοι.
556 4144 586 4217 (t)
607 4131 689 4220 Εἶχον
703 4139 730 4198 δὲ
750 4139 831 4207 δεξιὸν
853 4138 900 4218 μὲν

119 4232 194 4314 κέρας
207 4230 326 4304 Gabaioi
338 4229 384 4288 καὶ
396 4233 420 4289 οἱ
433 4228 566 4308 ξύμμοροι
582 4230 683 4299 αὐτοῖς,
698 4227 773 4305 μέσοι
787 4226 815 4286 δὲ
831 4226 902 4286 Ἁλι-

117 4320 202 4402 α’ρτιοι
212 4318 258 4377 καὶ
269 4320 416 4397 Κορωναῖοι
424 4317 472 4375 καὶ
483 4319 612 4387 Κωπαιής
625 4316 670 4375 καί
682 4319 706 4374 οἱ
721 4315 796 4373 ἄλλοι
806 4318 829 4372 οἱ
840 4313 901 4395 περὶ

115 4406 166 4479 τὴν
182 4405 289 4483 λίμνην·
300 4403 332 4463 τθ
345 4401 372 4462 δέ
387 4401 519 4480 εὐώνυμον
534 4394 604 4482 εῖχον
619 4406 739 4474 Θεσπιῆς
752 4401 798 4460 καῖ
810 4405 902 4461 Τανα-

114 4496 206 4577 γραῖαι
219 4493 266 4552 ml
280 4490 459 4573 Ὀρχομένιοι.
478 4490 540 4551 Ἐπλ
559 4491 586 4549 δὲ
605 4495 643 4572 τῷ
661 4490 725 4571 κέρα
742 4488 859 4571 ἑκατέρῳ
877 4494 901 4549 οἱ

113 4587 201 4654 ῆς
213 4580 261 4639 καλ
274 4580 346 4661 ψιλοί
359 4570 437 4650 ήσαν.
454 4577 516 4639 Ἐπ’
530 4578 642 4645 ἀσπίδας
656 4576 683 4637 δὲ
698 4575 774 4635 πέντε
790 4575 838 4654 μὲν
856 4576 901 4635 καλ

112 4671 200 4732 stanes
214 4667 332 4739 Θηόαῑοι
347 4665 487 4738 ἐτάξαντο,
501 4669 525 4724 οἱ
539 4666 566 4724 δὲ
585 4666 659 4724 ἄλλοι
671 4669 705 4732 ὡς
719 4664 826 4723 ἔκαστοι
839 4663 899 4723 ἔτυ-

111 4782 173 4840 χαι.
195 4758 250 4893 ζμ)
265 4754 340 4828 Αὕτη
364 4754 412 4832 μὲν
427 4757 551 4814 Βοιωτῶν
572 4751 727 4834 παρασκευή
745 4752 791 4811 καί
806 4751 899 4812 διοίκο-

209 4881 215 4907 Ι
231 4881 240 4907 5

112 4861 259 4987 ῳΒΟΝ.
280 4921 409 4994 Ἀθηναῖοι
418 4918 447 4980 δὲ
459 4922 483 4979 οἱ
496 4918 543 4997 μέν
554 4922 661 4979 ὁπλῖται
672 4919 716 4978 ἐπὶ
727 4918 795 4979 ὀκτὼ
805 4927 857 4978 πᾶν
872 4919 902 4978 τὸ

1657 350 1715 403 tst

935 487 1012 537 quum
1022 474 1161 524 Euboenses
1171 473 1329 525 transfretum
1335 475 1404 535 sitos,
1414 478 1466 525 tom
1476 475 1548 526 etiem
1557 478 1644 526 cetere
1652 479 1717 527 Grae·

935 551 980 601 cies
995 564 1105 614 magnam
1120 556 1280 616 partemque
1296 552 1432 615 modoerga
1440 566 1483 603 eos
1495 554 1527 603 sit
1538 553 1631 616 edecta)
1641 560 1665 605 et
1682 556 1717 604 in·

936 630 1102 693 telligeudum,
1115 634 1208 681 ceteros
1221 631 1318 694 quidem
1333 631 1363 681 de
1377 633 1428 693 agri
1440 632 1528 682 tinibus
1539 645 1593 681 curn
1604 634 1717 693 gentibus

870 728 878 749 ι
936 708 1042 757 tinitimis
1053 709 1180 769 dimicare,
1189 708 1259 757 nobis
1270 722 1328 758 vere
1338 709 1358 757 si
1370 710 1501 769 vincamur,
1511 709 1607 758 unicum
1619 710 1719 760 minime

935 784 1036 834 dubium
1050 785 1122 835 tinem
1137 785 1169 835 de
1178 786 1290 835 universa
1301 791 1364 834 terra
1376 790 1494 835 statutum
1505 786 1542 834 iri.
1554 789 1615 835 llam
1631 786 1655 834 in
1664 800 1718 836 eam

936 861 1048 924 ingressi,
1059 863 1130 912 rebus
1144 864 1232 912 nostris
1249 877 1291 926 per
1305 864 1354 912 rim
1366 864 1495 926 potientur.
1529 865 1563 927 (5)
1575 868 1652 914 Tanto
1663 866 1718 914 isto·

936 952 990 987 rum
1006 939 1139 988 accolarum
1156 941 1320 1003 propinquitas
1333 940 1401 989 nobis
1411 940 1499 1002 arogis,
1514 955 1586 1003 quam
1598 941 1664 1003 aliis,
1681 945 1720 991 est

936 1016 1076 1077 periculosa.
1110 1017 1156 1073 Qui
1168 1017 1231 1065 enim
1243 1017 1357 1079 potentie
1365 1017 1507 1066 mundentle
1514 1053 1521 1077 ,
1533 1022 1559 1067 ut
1570 1032 1633 1067 nunc
1643 1019 1717 1068 littte-

936 1093 1043 1152 nieuses,
1053 1106 1119 1141 arrnn
1129 1094 1213 1142 ricinis
1223 1093 1341 1154 inierunt,
1354 1094 1421 1142 illum
1429 1094 1541 1157 quidem,
1552 1095 1593 1157 qni
1605 1100 1642 1144 est
1653 1096 1719 1157 quie·

937 1173 976 1218 tus
988 1173 1012 1218 et
1024 1170 1065 1232 qui
1077 1171 1101 1218 io
1116 1183 1161 1218 suo
1171 1183 1226 1231 agro
1237 1174 1330 1220 tentum
1344 1183 1371 1220 se
1381 1170 1500 1231 defendit,
1512 1170 1670 1222 confidentius
1684 1173 1719 1222 in·

936 1248 1023 1298 vadere
1034 1254 1222 1309 consueverunt,
1232 1262 1287 1298 eum
1301 1263 1369 1310 vero,
1383 1249 1425 1312 qui
1438 1254 1507 1299 entra
1524 1250 1584 1300 lines
1600 1252 1720 1313 occurrit,

936 1329 961 1374 et
971 1327 1027 1389 qui,
1037 1326 1056 1374 si
1070 1327 1163 1375 occasio
1173 1326 1258 1386 snserit,
1269 1326 1325 1376 belli
1336 1326 1393 1375 lecit
1400 1327 1508 1387 initium,
1520 1328 1600 1377 minos
1610 1333 1720 1391 prompte

936 1403 999 1453 bello
1017 1418 1132 1466 premere.
1166 1406 1201 1467 (υ)
1212 1405 1289 1466 ΙΙυ)υο
1299 1408 1381 1455 autem
1393 1405 1427 1454 rei
1438 1406 1628 1468 experimentum
1639 1406 1721 1457 adven

875 1523 892 1538 .
936 1496 979 1532 sus
993 1484 1051 1534 istos
1070 1485 1200 1544 Ιιαυοιιιυος
1213 1498 1289 1546 quum
1303 1485 1367 1533 enirn
1383 1497 1425 1533 eos
1436 1485 1467 1534 ad
1478 1488 1610 1534 Coroneam
1623 1486 1721 1536 vicisse·

880 1585 884 1599 ·
936 1575 1001 1621 mus,
1011 1576 1060 1623 quo
1069 1567 1175 1626 tempore
1185 1567 1280 1626 propter
1287 1567 1380 1611 nostras
1388 1563 1518 1613 seditiones
1524 1577 1605 1624 εςτιιιιι
1613 1568 1723 1615 nostrum

936 1646 1079 1704 occupatum
1095 1643 1221 1702 tenebant,
1232 1655 1342 1702 uregnam
1356 1644 1455 1692 bootia
1468 1643 1619 1693 securitatem
1631 1642 1662 1691 ad
1677 1643 1722 1692 lroo

937 1729 1013 1779 usquo
1022 1721 1115 1780 tempus
1126 1716 1288 1779 praestitimus.
1317 1716 1350 1777 (7)
1361 1721 1470 1773 Quorum
1480 1729 1524 1765 nos
1535 1728 1654 1765 memores
1665 1728 1721 1778 ope·

937 1804 988 1840 rann
1008 1791 1065 1840 dare
1080 1796 1194 1854 oportet,
1211 1794 1238 1839 ut
1256 1794 1280 1838 et
1296 1789 1398 1850 majores
1413 1795 1470 1839 natu
1490 1790 1562 1840 rebus
1576 1790 1633 1839 olim
1649 1792 1723 1851 gcstls

937 1880 1006 1929 pares
1018 1868 1106 1927 simus,
1116 1870 1140 1915 et
1149 1866 1253 1915 minores
1262 1870 1321 1914 natu
1334 1870 1430 1928 pntnrm
1439 1866 1548 1929 illorum,
1558 1868 1600 1931 qul
1610 1872 1667 1918 tunc
1675 1867 1722 1917 riri

938 1941 1009 1988 sortes
1025 1942 1134 2001 luerunt,
1156 1940 1211 2001 sitii,
1232 1953 1262 1988 ne
1284 1940 1429 1989 domesticas
1448 1941 1550 1990 virtutes
1563 1941 1722 2005 dedecorent,

938 2015 980 2064 sed
999 2028 1139 2077 persuasum
1157 2015 1286 2077 trabentes,
1305 2013 1378 2064 deum
1394 2028 1409 2064 a
1426 2015 1496 2064 nobis
1515 2016 1636 2076 loturum,
1652 2016 1723 2077 errius
1745 2074 1748 2085 Ι

938 2089 1018 2138 senune
1031 2090 1070 2138 isti
1082 2090 1170 2140 nelarie
1182 2103 1251 2137 muro
1262 2095 1358 2152 septum
1374 2093 1469 2149 tenere,
1481 2094 1506 2139 et
1520 2089 1642 2139 sarriticlis
1654 2091 1721 2152 treti,

938 2176 993 2226 quae
1009 2164 1079 2212 nobis
1091 2163 1270 2213 immolantibus
1282 2163 1364 2212 latum
1374 2177 1402 2212 ao
1414 2164 1506 2212 felicem
1518 2176 1597 2212 rerum
1607 2169 1721 2215 eventum

939 2237 1095 2298 promittuut,
1114 2236 1229 2286 adversus
1252 2238 1295 2285 lios
1311 2237 1452 2297 tendamus,
1477 2242 1501 2286 et
1517 2236 1722 2302 demonstremus,

939 2316 966 2359 ut
976 2325 1017 2372 ea,
1028 2326 1083 2374 quse
1094 2313 1279 2375 concupisc-unt,
1292 2312 1382 2361 bellum
1395 2324 1443 2360 nou
1455 2312 1650 2374 propulsantibus
1662 2313 1723 2363 iola·

939 2384 1012 2434 rende
1031 2391 1182 2449 conspectant,
1205 2387 1259 2436 illos
1278 2400 1349 2448 vero,
1364 2400 1467 2448 quorum
1484 2387 1560 2449 patria
1578 2387 1723 2448 generositas

939 2462 997 2520 tert,
1008 2464 1035 2509 nt
1042 2466 1066 2510 et
1078 2475 1148 2509 strum
1161 2462 1266 2524 ipsorum
1277 2474 1360 2522 agrum
1370 2474 1463 2523 semper
1473 2461 1574 2509 liberent
1582 2460 1722 2523 pugnaudo,

939 2534 1096 2583 uecalieuurn
1108 2535 1132 2582 in
1144 2535 1283 2585 servitutem
1300 2535 1388 2596 iniuste
1403 2534 1521 2595 redigant,
1534 2547 1581 2583 nou
1594 2533 1722 2597 permissu·

940 2622 992 2669 ros,
1002 2613 1029 2657 ut
1041 2609 1080 2658 isti
1090 2624 1103 2659 e
1113 2609 1163 2658 suis
1176 2609 1264 2658 tinibus
1274 2609 1325 2658 sine
1337 2609 1467 2658 cermmiue
1478 2607 1609 2657 discedent.
1623 2627 1634 2650 u

970 2689 1054 2736 ltclll.
1071 2686 1193 2748 l'agondas
1203 2686 1240 2735 bis
1253 2686 1331 2735 verbis
1341 2688 1436 2736 Boeotos
1446 2685 1586 2735 adhortatus
1597 2687 1724 2749 ροωυεείι,

940 2778 967 2823 ut
979 2774 1041 2823 irent
1050 2773 1170 2823 adversus
1182 2773 1351 2833 Athenienses,
1368 2772 1541 2835 confestimque
1551 2773 1624 2822 motis
1639 2773 1724 2822 metris

941 2861 1174 2923 exercitumedurit;
1182 2861 1303 2922 tamenim
1312 2865 1425 2911 esserum
1434 2860 1538 2910 dleerat.
1555 2863 1635 2918 Quum
1643 2863 1724 2911 autem

941 2947 973 2997 nd
996 2961 1079 2998 eorum
1094 2952 1172 2997 eastra
1194 2961 1268 3010 prope
1285 2948 1442 3008 accessisset,
1460 2947 1485 2996 in
1507 2948 1560 2996 loeo
1575 2947 1724 3008 subsistens,

942 3035 1005 3085 uude
1014 3035 1074 3084 colle
1083 3035 1205 3096 interjecto
1214 3035 1283 3084 alteri
1293 3035 1381 3084 alteros
1391 3035 1530 3096 conspicere
1538 3047 1587 3083 non
1598 3037 1723 3097 poteraut,

941 3123 1017 3172 aciem
1036 3122 1168 3171 instruebat
1185 3124 1210 3171 et
1230 3125 1257 3171 ut
1276 3121 1306 3170 ad
1325 3121 1436 3183 proelium
1455 3135 1481 3170 se
1499 3121 1656 3184 praeparabat
1688 3121 1723 3184 (t)

943 3210 1097 3272 Hippocrates
1106 3213 1186 3259 eutem
1194 3245 1201 3270 ,
1210 3209 1252 3271 qui
1261 3208 1325 3271 apud
1335 3208 1430 3258 Delium
1440 3213 1504 3268 erat,
1514 3222 1589 3271 quum
1598 3209 1620 3257 ei
1630 3209 1724 3258 nuntia·

943 3302 994 3347 tum
1005 3302 1069 3347 esset
1081 3300 1175 3347 anons
1185 3296 1297 3345 accedere
1306 3333 1313 3356 ,
1323 3296 1397 3345 mittit
1406 3295 1436 3344 ad
1446 3296 1578 3346 exereitum
1588 3296 1722 3359 imperans,

943 3391 970 3435 ut
982 3386 1006 3434 in
1018 3398 1062 3434 suo
1074 3385 1175 3449 quisque
1184 3384 1268 3433 ordine
1279 3384 1450 3444 consisterent,
1462 3397 1507 3433 nee
1518 3384 1594 3433 multo
1605 3389 1660 3447 post
1672 3385 1724 3446 ipse

943 3472 1034 3532 adluit,
1044 3472 1133 3523 relictis
1142 3472 1216 3521 terme
1228 3472 1340 3521 trecentis
1350 3471 1472 3534 equitibus
1481 3471 1544 3520 cirea
1553 3471 1662 3531 Delium,
1672 3476 1724 3520 tom

943 3559 972 3609 ad
990 3560 1034 3608 loci
1051 3559 1201 3620 custodiam,
1218 3559 1239 3608 si
1253 3572 1302 3622 qua
1321 3572 1406 3607 manus
1423 3572 1480 3608 euru
1502 3558 1651 3620 adureretur,
1672 3564 1725 3609 tum

943 3647 1014 3696 etiam
1027 3650 1054 3695 nt
1062 3647 1186 3696 occasione
1195 3646 1321 3696 observata
1333 3649 1430 3696 Boeotos
1441 3646 1464 3695 in
1478 3646 1531 3709 ipso
1541 3645 1625 3708 puello
1635 3658 1649 3694 a
1658 3649 1725 3708 tergo

943 3732 1133 3795 aggrederentur.
1167 3734 1201 3794 (3)
1215 3733 1291 3782 boort
1303 3746 1360 3783 vero
1376 3733 1415 3782 tris
1427 3737 1604 3796 opposuerunt,
1616 3733 1658 3795 qui
1675 3735 1724 3781 vlrn

943 3834 1026 3870 eorum
1042 3821 1219 3884 propulsarent,
1236 3825 1261 3869 et
1282 3834 1357 3883 quum
1373 3834 1457 3870 omnes
1479 3821 1587 3883 ipsorum
1606 3834 1645 3870 res
1660 3824 1725 3871 recte

944 3908 1071 3968 baberent,
1083 3908 1107 3956 in
1124 3921 1220 3957 summo
1235 3908 1296 3957 colle
1307 3912 1484 3971 apparuerunt,
1501 3914 1526 3958 et
1541 3921 1596 3957 eum
1607 3908 1680 3957 armis
1691 3906 1726 3956 ibi

944 3994 1103 4044 substiterunt
1122 3994 1173 4044 ecio
1191 3994 1320 4055 instructa,
1338 3999 1365 4044 ut
1384 3995 1509 4057 pugnaturi
1530 3999 1613 4052 eraut,
1634 3999 1726 4057 septem

945 4082 1018 4133 terme
1036 4082 1116 4144 gravis
1136 4086 1264 4131 moraturae
1281 4082 1369 4141 millia,
1389 4082 1450 4131 levis
1471 4095 1529 4131 vero
1546 4094 1620 4145 supra
1641 4081 1727 4131 decem

944 4170 1033 4230 millia,
1050 4170 1143 4232 eqrrites
1161 4169 1226 4219 mille
1244 4173 1270 4219 et
1285 4169 1367 4232 peltetl
1386 4169 1519 4231 quingenti.
1557 4169 1590 4232 (l)
1609 4173 1726 4218 Dextrum

944 4259 1026 4306 autem
1034 4270 1109 4306 eomu
1118 4256 1232 4307 tenebant
1240 4256 1347 4306 Tbebeni
1358 4269 1489 4319 eorumque
1498 4256 1641 4317 contributi,
1654 4254 1726 4305 medii

944 4342 1002 4393 rer'o
1017 4348 1084 4394 erant
1100 4345 1207 4395 Haliartii
1223 4349 1248 4394 et
1263 4344 1370 4394 Coronaei
1387 4348 1412 4393 et
1428 4347 1584 4407 cupresseae,
1604 4343 1727 4405 ceterique

945 4431 1012 4481 lacus
1024 4432 1125 4493 nocolm3
1137 4432 1261 4481 sinistrum
1273 4445 1329 4481 vero
1342 4431 1456 4481 tenebant
1466 4430 1626 4494 Thespienses
1644 4434 1669 4479 et
1680 4432 1727 4478 Te·

946 4520 1033 4581 nagrnei
1045 4524 1069 4568 et
1080 4519 1240 4569 orchomenii.
1273 4522 1302 4569 lu
1311 4532 1384 4568 cornu
1395 4525 1475 4568 autem
1486 4523 1587 4580 υίιοιςυο
1596 4520 1647 4566 erat
1659 4516 1725 4578 eqni·

946 4611 1023 4669 tatus,
1040 4611 1065 4656 et
1078 4607 1140 4657 levis
1155 4611 1284 4656 armatura.
1317 4610 1349 4656 Et
1366 4606 1474 4656 Thebani
1489 4605 1586 4668 quidem
1600 4603 1688 4653 milites
1701 4603 1726 4653 in

945 4696 1032 4758 quinos
1043 4698 1068 4744 et
1079 4696 1175 4744 vicenos
1193 4695 1218 4743 in
1229 4693 1380 4744 altitudinem
1391 4693 1550 4756 digesserant,
1566 4691 1651 4753 reliqui
1668 4704 1728 4742 vero

947 4783 1115 4845 utqulbusque
1122 4781 1229 4843 contigit.
1248 4782 1282 4842 (5)
1291 4785 1368 4843 Atque
1376 4779 1414 4829 hie
1421 4780 1520 4843 quidem
1531 4784 1581 4829 erat
1589 4782 1727 4829 iteratorum

946 4875 1073 4934 apparatus
1083 4870 1182 4931 haecque
1190 4869 1249 4920 selei
1260 4869 1383 4917 instructa
1392 4869 1464 4927 ratio;

981 4950 1063 4997 xclv.
1085 4946 1242 4996 sttreoieosos
1262 4956 1335 5004 vero,
1356 4945 1396 5006 qui
1413 4942 1523 4993 lrostibus
1541 4955 1640 4992 numero
1657 4956 1726 5007 pares

113 5011 296 5094 στρατόπεδον
320 5008 458 5081 ἐτάξαντο,
480 5007 550 5076 ὅθτῑί
574 5008 669 5080 πλθθῑῑ
696 5010 830 5074 ‘mahts
848 5008 901 5076 τοῖς
949 5028 1031 5083 erent,
1047 5026 1124 5071 totum
1138 5021 1217 5083 gravis
1235 5023 1363 5069 armaturas
1379 5019 1510 5069 exereitum
1523 5020 1546 5067 iu
1560 5023 1659 5070 octonos
1676 5022 1726 5068 tan·

115 5100 256 5174 ἀκοντίοις,
268 5101 350 5172 ἱππῆς
363 5097 391 5157 δὲ
405 5097 445 5178 ἐρ’
460 5095 575 5179 ἱκατίριρ
587 5100 624 5178 τῷ
638 5094 711 5179 κέρᾳ.
728 5095 814 5158 Ψιλοὶ
828 5094 855 5155 δὲ
869 5097 898 5155 ἐκ
947 5104 999 5151 turn
1016 5099 1104 5150 milites
1122 5099 1146 5148 in
1157 5097 1306 5149 altitudinem
1318 5096 1480 5160 digesserunt,
1493 5095 1612 5159 equitatus
1626 5109 1684 5147 vero
1703 5096 1727 5146 in
