3676 5828
176 340 235 394 218
863 320 1099 385 Tudernlnls

175 459 251 539 γείων
264 457 396 537 ξύμμαχοι
410 455 534 533 ἐγίνοντο.
575 452 765 536 Λιαφεράμενοι
778 451 953 534 γδρέτύγχα-
1000 461 1133 511 moneant.
1165 464 1236 512 Forte
1245 462 1792 528 enimcumlaaedmmonliadalsepracoon·

175 551 285 613 νοντοῖς
299 542 515 621 Λακεδαιμονίοις
532 540 592 623 περὶ
607 539 735 622 Λεπρέου.
777 540 815 618 (a)
831 537 954 616 Πολέμου
997 547 1133 598 tendebant.
1165 548 1200 612 (a)
1214 553 1358 614 Numquam
1370 551 1493 614 Lepreatis
1501 550 1592 602 θεθιιιιε
1601 551 1791 615 quondamcuru

175 633 228 716 γάρ
238 632 375 713 γενομένου
389 630 452 690 ποτὲ
468 629 533 711 πρδς
547 629 678 709 ’Λρκάδων
693 625 765 694 τινδις
782 626 955 707 Λεπρεάταις,
999 635 1143 698 quibusdam
1161 636 1294 687 Arcadibus
1311 643 1392 688 ortum
1407 642 1472 689 esset
1488 643 1515 689 et
1528 638 1583 690 Elei
1599 637 1631 689 ad
1647 640 1715 690 illius
1731 639 1788 690 belli

108 763 114 775 ,
175 723 221 780 καὶ
235 721 348 781 Ἠλείων
364 719 584 799 παρακληθέντων
603 715 653 774 ὑπὸ
672 718 831 797 Λεπρεατῶν
845 717 871 780 ἐς
888 713 955 790 ξυμ·
999 724 1289 787 εοοῖεωιεαιοιεμεεεῑίε
1297 725 1367 774 acciti
1374 730 1469 786 esseut,
1479 725 1656 777 asconditione
1662 763 1671 788 ,
1681 733 1710 776 ut
1720 727 1788 776 dimi·

177 807 278 887 μαχίαν
290 806 378 884 ἐπίτῇ
393 803 501 883 ήμισείφ
518 808 565 875 τῆς
574 809 621 882 γῆς
635 802 681 860 καί
697 800 832 860 λυσάντων
846 800 890 859 τδν
908 799 957 858 πύ-
999 809 1068 858 diam
1087 814 1178 871 purtem
1195 810 1247 870 agri
1264 811 1412 872 obtinerent,
1427 816 1453 863 et
1468 812 1559 863 bellam
1579 814 1789 876 composuissent,

175 897 267 973 λεμον,
280 894 379 953 Ἠλεῖοι
392 891 439 963 τήν
453 896 501 969 γῆν
514 889 665 968 repropinata
672 889 758 961 αὐτοῖς
771 888 823 953 τοῖς
833 885 957 967 Λεπρεά-
1000 896 1051 944 Elei
1061 896 1108 956 ita,
1121 900 1148 945 ut
1160 896 1204 958 ipsi
1217 901 1340 960 Lepreatae
1350 911 1433 961 agrum
1449 899 1518 950 illum
1534 900 1657 964 solerent,
1674 901 1788 952 talentum

176 1005 236 1048 ταις
246 980 373 1039 τάλαντον
387 977 479 1046 ἔταξαν
492 982 530 1057 τῷ
544 976 587 1037 Διί
605 980 642 1056 τῷ
656 976 798 1055 Ὀλυμπίῳ
807 972 956 1056 ἀποφέρειν.
1000 982 1030 1032 iis
1040 983 1219 1046 imposuerunt,
1233 985 1299 1047 quod
1310 987 1421 1049 Olympio
1434 987 1491 1037 lovi
1502 988 1633 1050 quotannis
1648 989 1787 1051 penderent

178 1072 209 1146 (ο)
224 1068 279 1127 Καὶ
295 1067 372 1148 μέχρι
390 1071 436 1124 τοῦ
453 1066 569 1125 ’Λττικοῦ
584 1063 700 1140 πολέμου
715 1063 852 1144 ἀπέφερον,
867 1060 957 1119 ἔπειτα
1001 1071 1034 1132 (3)
1044 1073 1075 1119 Et
1083 1071 1114 1119 ad
1123 1071 1212 1120 bellurn
1222 1085 1299 1134 usquc
1306 1065 1411 1122 Atticum
1420 1074 1606 1138 persolvebaut3
1616 1075 1787 1139 deindequuan

176 1153 352 1231 παυσαμένων
365 1150 408 1209 διδ
422 1150 551 1233 πρόφασιν
562 1156 607 1209 τοῦ
619 1148 735 1227 πολέμου
747 1154 771 1208 οί
780 1151 880 1210 Ἠλεῖοι
893 1152 959 1221 ἐπη-
1002 1157 1144 1217 desiissent,
1157 1159 1248 1208 causati
1263 1158 1366 1220 bellom,
1381 1159 1432 1210 Elei
1443 1173 1486 1210 eos
1497 1161 1627 1224 cogebant,
1639 1162 1676 1212 illi
1691 1175 1747 1213 vero
1758 1163 1788 1213 ad

177 1241 316 1318 νάγκαξον,
333 1243 356 1298 οί
371 1240 394 1297 δ
412 1240 554 1319 ἐτράποντο
567 1237 631 1317 πρὸς
649 1238 708 1304 τούς
728 1234 956 1314 Λακεδαιμονίους.
1002 1244 1197 1294 Lacedaemonios
1208 1259 1234 1294 sa
1245 1251 1421 1296 convenerunt.
1431 1251 1462 1297 Et
1479 1262 1555 1312 quum
1567 1249 1642 1310 hujus
1653 1256 1785 1301 controver-

180 1328 234 1389 Kal
241 1328 315 1399 δίκης
328 1325 541 1402 Λακεδαιμονίοις
549 1323 736 1406 ἐπιτραπείσης
749 1323 961 1395 ὑποτοπήσαντες
1007 1332 1049 1379 siae
1060 1332 1164 1393 cognitio
1173 1332 1361 1383 Lacedaemoniis
1371 1335 1500 1384 commissa
1510 1339 1591 1397 esset,
1602 1335 1655 1386 litei
1666 1339 1786 1401 suspicati,

179 1419 203 1474 oi
222 1417 321 1476 Ἠλεῖοι
340 1412 377 1491 μὴ
399 1413 455 1471 ἴσον
470 1412 543 1485 ἐξειν,
558 1413 658 1479 ἀνέντες
678 1410 726 1484 τήν
740 1410 881 1492 ἐπιτροπήν
905 1414 959 1470 Λε-
1003 1431 1029 1467 se
1039 1431 1110 1467 suurn
1121 1418 1162 1479 μιν
1172 1433 1220 1468 που
1231 1421 1384 1481 obtenturos,
1400 1421 1490 1471 omisso
1508 1422 1608 1472 arbitrio
1622 1426 1787 1486 lepreataruru

179 1504 299 1584 πρεατῶν
322 1501 370 1571 τήν
391 1504 440 1578 γῆν
461 1498 560 1576 ἔτεμον.
603 1501 633 1576 (ι)
657 1502 692 1559 Oi
713 1497 740 1556 δὲ
756 1497 960 1575 Λακεδαιμόνιοι
1003 1519 1085 1567 agrum
1098 1510 1232 1555 vastarunt.
1266 1507 1299 1570 (t)
1315 1507 1488 1559 lacedemonii
1498 1522 1555 1559 rero
1563 1509 1640 1559 nihilo
1655 1512 1787 1563 minuata

180 1587 251 1648 οὐδὲν
263 1580 344 1660 ήσσον
358 1587 481 1645 ἐδίκασαν
496 1586 653 1663 αὐτονόμους
669 1577 735 1644 εἶναι
749 1585 903 1666 Λεπρεάτας
916 1583 961 1643 καί
1003 1597 1097 1655 preatas
1107 1593 1193 1642 liberos
1202 1606 1269 1653 esse,
1280 1598 1305 1643 ot
1316 1594 1387 1645 Elaos
1397 1595 1484 1656 iniuste
1495 1595 1572 1645 locare
1588 1596 1788 1658 pronunciarent,

181 1678 279 1735 ἀδικεῖν
291 1674 423 1747 Ἠλείους,
436 1674 481 1732 καῖ
493 1678 527 1740 ὡς
538 1677 586 1733 οὐκ
598 1672 777 1752 ἐμμεινάντων
788 1678 821 1750 τῇ
834 1675 960 1754 ἐπιτροπῇ
1004 1686 1028 1730 et
1037 1679 1102 1743 quod
1112 1681 1211 1729 arbitrio
1223 1681 1268 1730 cibi
1277 1682 1406 1731 commisso
1417 1687 1481 1732 stare
1491 1683 1640 1744 noluissent,
1654 1684 1788 1746 prresidiuna

181 1763 295 1847 φρουράν
312 1765 425 1822 ὁπλιτῶν
444 1761 594 1842 ἐσέπεμψαν
614 1763 639 1828 ἐς
656 1760 782 1842 Λέπρεον.
829 1761 862 1839 (ε)
881 1764 916 1820 Οἱ
934 1759 961 1819 δέ
1004 1768 1220 1828 gravisarmaturre
1229 1769 1332 1817 militum
1344 1771 1595 1832 Lepreummiseruut.
1631 1771 1789 1832 (milleirero

182 1853 282 1913 Ἠλεῖοι
297 1850 442 1929 νομίζοντες
459 1849 536 1909 πολιν
555 1853 627 1930 σφῶν
644 1851 822 1924 ἀφεστηκυῖαν
841 1846 962 1916 δέξασθαι
1004 1854 1169 1903 existimantes
1179 1855 1276 1916 urbem,
1287 1855 1789 1919 queamderecisset,naaadaemanioara

182 1939 241 2006 τοὺς
255 1936 491 2015 Λακεδαιμονίους,
504 1936 550 1995 καί
557 1935 605 2007 τήν
619 1935 746 2006 ξυνθήκην
754 1934 924 2016 προφέροντες
935 1937 962 1993 ἐν
1005 1941 1110 2004 cepisse,
1127 1945 1152 1990 et
1168 1942 1235 2015 pacis
1249 1942 1409 1992 conditionem
1426 1944 1584 2006 proterentes,
1599 1945 1625 1995 in
1636 1955 1687 2009 qua
1701 1946 1790 1995 dicturo

182 2019 201 2107 ᾖ
215 2026 315 2108 εἴρητο,
329 2025 345 2084 ά
360 2023 462 2105 ἔχοντες
470 2027 495 2091 ἐς
509 2023 553 2081 τδν
561 2023 676 2082 ’Λττικδν
684 2021 799 2100 πολεμον
807 2021 964 2081 καθίσταντό
1006 2034 1068 2090 erat,
1081 2034 1106 2077 ut
1117 2029 1203 2091 singuli
1215 2043 1270 2091 qum
1280 2030 1335 2079 belli
1348 2031 1419 2081 atrici
1431 2031 1498 2080 initio
1510 2031 1683 2094 possidebant,
1696 2033 1747 2083 hauc
1756 2047 1790 2084 m·

182 2138 263 2188 τινες,
274 2119 358 2173 ταῦτα
373 2113 481 2193 ἔχοντας
494 2111 540 2169 καὶ
554 2110 673 2182 ἐξελθεῖν,
687 2114 722 2177 ὡς
736 2112 783 2169 οὐκ
794 2111 849 2169 ἴσον
862 2110 964 2190 ἔχοντες
1006 2117 1109 2165 tinentcs
1124 2117 1222 2165 etiame
1240 2116 1302 2165 bello
1319 2117 1481 2178 discederent,
1494 2122 1522 2168 ut
1537 2119 1621 2182 iniquo
1636 2120 1738 2170 arbitrio
1753 2121 1790 2171 da·

184 2199 341 2281 ἀφίστανται
354 2199 419 2280 πρδς
434 2196 493 2263 τοὺς
510 2196 651 2277 Ἀργείους,
668 2196 714 2254 καί
735 2195 784 2267 τήν
803 2196 964 2276 ξυμμαχίαν,
1007 2202 1081 2251 murati
1092 2201 1231 2265 anargiros
1241 2203 1650 2268 deiecerunt,societatcnrquecum
1663 2207 1793 2268 illis,sicut

184 2287 274 2368 ῶσπερ
282 2284 489 2368 προείρητο,καῖ
498 2276 569 2342 οὗτοι
577 2282 742 2354 ἐποιήσαντο.
786 2286 818 2361 (ο)
827 2283 965 2361 Ἐγένοντο
1007 2289 1484 2353 μιωδίσῑυσεοεαι,1νίσιισηυσῖεεειτιαί.
1510 2293 1640 2355 (o)stati1a
1649 2299 1793 2358 autempost

184 2375 213 2433 δέ
226 2374 273 2433 καί
287 2378 310 2431 οἱ
327 2373 458 2454 Κορίνθιοι
467 2370 540 2436 εὐθὺς
553 2373 610 2447 μετ’
620 2369 731 2436 ἐκείνους
742 2370 787 2428 καί
801 2375 824 2429 οἱ
836 2370 878 2429 ἐπὶ
889 2372 964 2453 Θρφί-
1008 2376 1061 2425 ῖΙΙοι
1073 2381 1097 2426 et
1108 2376 1224 2426 corinthii
1238 2382 1263 2428 et
1275 2378 1455 2439 Chalcidenses,
1472 2380 1582 2441 quisunt
1597 2382 1623 2430 in
1631 2382 1749 2443 Thracia,
1759 2395 1793 2431 ao·

185 2485 234 2533 κης
255 2462 390 2531 Χαλκιδῆς
409 2456 531 2538 Ἀργείων
554 2457 696 2534 ξύμμαχοι.
743 2458 853 2517 Βοιωτοί
872 2457 899 2518 δέ
922 2462 967 2519 καί
1009 2464 1186 2513 cietutcmcum
1199 2464 1411 2525 Aigiliainlerunt
1442 2466 1519 2516 lloeoti
1529 2472 1619 2517 vcroct
1629 2471 1793 2531 Megarenses,

186 2551 313 2627 Μεγαρῆς
331 2545 362 2604 τδ
384 2544 447 2602 αύτδ
468 2543 587 2622 λέγοντες
612 2542 754 2622 ήσύχαξον,
779 2546 967 2626 περιορώμενοι
1009 2551 1120 2613 quamvis
1138 2550 1332 2611 idemdioerent,
1350 2552 1640 2615 quodanacaedemoniis
1656 2560 1792 2607 contemne·

187 2632 238 2693 ini
252 2637 304 2691 τῶν
319 2629 541 2708 Λακεδαιμονίων,
553 2631 598 2689 καῖ
613 2631 756 2709 νομίζοντες
769 2633 841 2713 σφίσι
852 2633 968 2716 τήνἍρ-
1010 2642 1106 2697 rentur,
1126 2642 1205 2686 tamen
1225 2637 1396 2701 quiescebant,
1415 2639 1480 2702 quod
1496 2641 1637 2703 popularem
1655 2645 1794 2706 Argivorum

187 2718 265 2797 γείων
280 2716 458 2798 δημοκρατίαν
468 2719 554 2784 αὐτοῖς
568 2718 798 2799 ὀλιγαρχουμένας
811 2713 892 2793 ἧσσον
900 2721 967 2801 ξύμ·
1011 2729 1100 2773 statum
1119 2724 1177 2784 sibi,
1195 2725 1236 2787 qui
1254 2737 1384 2786 paucorum
1403 2726 1527 2777 dominatu
1547 2735 1699 2792 regerentur,
1719 2733 1796 2782 miuus

185 2828 267 2887 φορον
279 2795 344 2864 εἶναι
358 2809 404 2875 τῆς
418 2802 633 2880 Λακεδαιμονίων
646 2802 785 2871 πολιτείας.
1011 2825 1083 2875 quarn
1094 2812 1328 2861 Lacedaemoniorum
1338 2814 1508 2876 rempublicam
1520 2818 1796 2880 putarentproiuturaua

230 2894 345 2953 xxxii.
368 2890 435 2970 Περί
453 2889 480 2948 δὲ
497 2889 556 2956 τοὺς
575 2889 668 2957 αὐτούς
685 2890 792 2971 χρόνους
810 2899 856 2952 τοῦ
882 2895 970 2974 θέρους
1042 2902 1138 2948 XXXII·
1156 2899 1225 2949 cir-ca
1234 2899 1318 2948 eodem
1330 2899 1402 2962 huius
1413 2901 1505 2952 aestalia
1517 2907 1625 2965 tempora
1638 2906 1797 2958 Athenienses

190 2978 280 3039 τούτου
306 2977 466 3044 Σκιωναίους
495 2976 542 3053 μὲν
570 2978 701 3048 Ἀθηναῖοι
721 2979 971 3062 ἐκπολιορκήσαντες
1016 2999 1091 3047 quum
1111 2988 1233 3036 Scionuos
1251 2992 1440 3049 expugnassent,
1459 2989 1560 3052 puberes
1576 2991 1761 3056 nudauerant,
1774 2999 1798 3045 at

190 3067 345 3126 ἀπέκτειναν
359 3064 418 3131 τοὺς
429 3064 562 3136 ήύῶντας,
576 3067 674 3132 παῖδας
688 3064 715 3124 δὲ
729 3067 775 3124 καί
789 3077 913 3146 γυναῖκας
924 3075 971 3142 ἠν·
1013 3086 1100 3136 pueros
1118 3086 1146 3122 ae
1163 3073 1276 3123 mulieres
1294 3075 1320 3123 in
1338 3075 1478 3124 servitutem
1493 3075 1652 3140 redegerant,
1670 3093 1798 3145 agrumque

191 3151 362 3235 δραπύδισαν,
375 3151 421 3210 καὶ
429 3150 533 3229 τήνγῆν
547 3153 726 3211 Πλαταιεῦσιν
738 3152 830 3212 ἔδοσαν
837 3154 971 3234 νέμεσθαι,
1014 3159 1185 3210 Ρίθίθέθθῦὶθθῦ
1203 3160 1330 3210 colendum
1346 3161 1566 3224 dederuutfflclioa
1581 3170 1666 3216 antem
1682 3169 1798 3219 mrsus'm

192 3240 304 3313 Δηλίους
323 3240 350 3298 δὲ
369 3239 519 3317 κατήγαγον
537 3238 617 3297 πάλιν
633 3241 658 3307 ἐς
674 3242 769 3313 Δῆλον,
788 3243 972 3322 ἐνθυμούμενοι
1014 3248 1100 3297 Delum
1118 3243 1279 3309 reduxerunt,
1297 3254 1435 3312 reputantes
1450 3255 1476 3301 et
1492 3251 1572 3302 σίαλον
1588 3253 1614 3303 in
1630 3256 1726 3318 praeliis
1737 3270 1798 3308 aeas

191 3327 239 3395 τάς
249 3351 278 3387 τε
288 3329 314 3386 ἐν
326 3328 383 3393 ταῖς
396 3325 495 3405 μάχαις
505 3324 637 3407 ξυμφορὰς
645 3327 691 3385 καὶ
699 3334 745 3386 τοῦ
759 3331 785 3386 ἐν
797 3332 906 3412 Δελφοῖς
915 3339 972 3391 θεοῦ
1015 3339 1080 3397 lim,
1092 3340 1117 3385 ei
1128 3335 1167 3385 dei
1177 3336 1284 3398 Delphici
1295 3337 1426 3387 oraculum.
1463 3339 1496 3402 (2)
1507 3340 1682 3402 EtPhoocaaes
1698 3348 1724 3395 ot
1733 3346 1799 3397 taur

192 3415 348 3496 χρήσαντος.
393 3415 425 3491 (α)
443 3413 497 3472 Καὶ
513 3416 614 3484 Φωκῆς
627 3415 672 3472 καί
687 3414 783 3496 Λοκροὶ
797 3416 907 3497 ἤρξαντο
921 3443 973 3477 πο·
1015 3422 1336 3487 bellumgererecoepenrnt.
1370 3425 1403 3489 (3)
1417 3427 1800 3496 Etcoriuthiietargiri,qunm

193 3504 292 3581 λεμεῖν.
334 3502 365 3578 (a)
377 3500 433 3559 Καί
448 3497 578 3579 Κορίνθιοι
590 3500 635 3558 καί
651 3501 760 3580 ’Λργεῖοι
774 3502 826 3575 ἤδη
841 3503 974 3586 ξύμμαχοι
1013 3510 1063 3572 itm
1074 3515 1155 3560 essent
1166 3511 1237 3571 socii,
1248 3515 1351 3573 lcgeam
1363 3513 1470 3574 iverunt,
1479 3518 1506 3563 ut
1515 3527 1568 3564 eam
1580 3529 1596 3564 a
1607 3517 1799 3569 mariman-

194 3588 266 3655 ὄντες
274 3586 430 3668 ἐρχονταιίς
438 3584 539 3662 Τέγεαν
548 3586 739 3658 ἀποστήσοντες
749 3592 974 3669 Λακεδαιμονίων,
1016 3611 1070 3646 rum
1081 3598 1192 3648 societate
1203 3603 1350 3662 averterent,
1364 3601 1430 3664 quod
1446 3615 1499 3651 eam
1516 3615 1627 3664 maguam
1643 3605 1801 3671 Peloponnesi

194 3678 306 3756 δρῶντες
320 3671 389 3750 μίγα
404 3672 479 3753 μέρος
491 3672 533 3744 δν,
544 3671 589 3730 καί
607 3675 630 3732 εἷ
644 3673 718 3754 σφίσι
730 3674 914 3755 προσγένοιτο,
929 3702 974 3737 νυ-
1017 3686 1208 3748 portioncmesse
1216 3688 1520 3750 cernerent,ae,sieaaibi
1528 3692 1720 3755 accessisset,oe
1729 3699 1801 3745 tutam

197 3759 313 3839 μίξαντες
332 3759 438 3817 άπασαν
456 3757 487 3815 ἀν
499 3757 568 3835 ἔχειν
589 3757 799 3832 Πελοπόννησον.
843 3766 874 3840 (ι)
889 3763 934 3831 Ὡς
949 3764 976 3824 δὲ
1017 3772 1208 3834 Peloponnesum
1217 3774 1341 3823 habituros
1352 3781 1482 3838 sperarant
1500 3777 1591 3839 (ηεαδ
1604 3793 1682 3842 quum
1694 3784 1801 3844 Tegeam

195 3847 269 3907 ούδέν
282 3845 314 3905 ἀν
329 3845 429 3926 ἔφασαν
442 3846 628 3916 ἐναντιωθῆναι
647 3850 671 3905 al
693 3850 825 3927 Τεγεᾶται
845 3853 978 3910 Λακεδαι-
1018 3859 1209 3922 respondissent,
1220 3874 1247 3911 se
1260 3863 1447 3914 Lacodaemoniia
1459 3878 1506 3915 non
1521 3866 1710 3931 manuum,
1722 3872 1802 3922 corin·

196 3934 307 4012 μονίοις,
320 3937 345 3992 ai
356 3930 486 4015 Κορίνθιοι
498 3929 576 4010 με’χρι
589 3933 681 3992 τούτου
691 3935 831 4014 προθύμως
844 3937 978 4018 πράσσον-
1019 3947 1076 4008 thii,
1093 3948 1133 4010 qui
1152 3949 1267 3999 hactenus
1283 3950 1307 3999 iu
1323 3964 1377 4000 eam
1392 3965 1443 4001 rem
1459 3951 1573 4001 acerrime
1589 3952 1762 4016 incubuerant,
1772 3955 1802 4006 da

195 4045 238 4089 τες
251 4023 356 4079 ἀνεῖσαν
369 4025 416 4090 τῆς
442 4019 612 4099 φιλονεικίας,
629 4020 675 4080 καί
691 4022 850 4102 ὠρρώδησαν
871 4026 908 4102 μή
934 4029 977 4085 οὐ·
1019 4035 1169 4086 contentione
1185 4035 1340 4098 remiserunt,
1357 4042 1381 4087 ct
1397 4039 1589 4100 veritisunt,na
1605 4039 1688 4090 nullus
1704 4055 1734 4092 ax
1751 4042 1804 4093 aliia

197 4108 248 4175 δεδι
272 4105 359 4188 σφίσιν
373 4105 412 4164 ἔτι
432 4109 483 4163 τῶν
498 4104 584 4163 ἄλλων
598 4112 749 4187 προσχωρῇ.
792 4112 823 4187 (ι)
838 4109 932 4188 Ὅμως
950 4113 977 4171 δὲ
1019 4121 1049 4170 aa
1062 4123 1339 4184 seposuacsoeaaena
1373 4125 1406 4188 (ε)
1425 4126 1738 4179 vennumauaaaoeoror
1751 4143 1803 4194 με

197 4195 312 4260 ἐλθόντες
326 4196 351 4260 ἐς
364 4191 422 4259 τοὺς
432 4190 561 4257 Βοιωτοὺς
571 4192 671 4252 ἐδέοντο
686 4197 758 4275 σφῶν
767 4218 795 4253 τε
805 4196 977 4279 καῖ’Λργείων
1020 4209 1088 4269 iacti,
1107 4222 1149 4258 eos
1166 4210 1279 4271 orabant,
1298 4218 1326 4261 ut
1340 4226 1422 4263 sacrun
1438 4217 1463 4262 et
1479 4225 1536 4263 curn
1554 4215 1649 4276 argivis
1665 4216 1804 4268 mdaarcu

196 4281 330 4360 γίγνεσθαι
346 4279 498 4359 ξυμμάχους
514 4279 560 4338 καί
577 4274 662 4339 τάλλα
683 4285 757 4360 κοινῇ
775 4282 915 4361 πράσσειν·
932 4286 979 4353 τάς
1020 4296 1119 4356 inirent,
1136 4301 1262 4360 ceteraque
1273 4301 1432 4350 communiter
1442 4299 1649 4364 administrarent;
1665 4304 1698 4354 ad
1710 4305 1763 4356 hue
1778 4304 1804 4355 Ι·

198 4392 227 4427 τε
252 4367 411 4448 δεχημέρους
431 4366 601 4438 ἓπισπονδάς,
627 4367 655 4425 αἳ
678 4360 746 4440 ἦσαν
770 4369 911 4442 ’Λθηναίοις
933 4373 979 4432 καί
1021 4384 1056 4433 las
1067 4383 1149 4432 decern
1162 4384 1254 4433 dierum
1267 4386 1388 4447 inducias,
1404 4400 1459 4450 quae
1467 4401 1515 4438 non
1525 4389 1602 4439 multo
1613 4394 1671 4453 post
1681 4391 1729 4442 iata
1738 4393 1805 4459 quin·

199 4458 323 4522 Βοιωτοῖς
336 4455 401 4536 πρδς
420 4453 550 4525 ἀλλήλους
567 4456 596 4512 ού
614 4457 705 4536 πολλῷ
719 4455 825 4537 ὕστερον
843 4459 979 4538 γενόμεναι
1021 4471 1133 4532 quaginta
1155 4484 1272 4521 annorum
1296 4473 1386 4523 ioedera
1408 4475 1469 4525 iuter
1489 4475 1647 4528 Athenienses
1666 4483 1694 4530 et
1711 4482 1807 4531 limatos

198 4541 298 4600 τούτων
320 4545 372 4600 τῶν
394 4541 649 4610 πεντηκονταετίδων
667 4546 794 4616 σπονδῶν,
815 4543 933 4605 ἐκελευον
956 4551 979 4606 οἱ
1022 4562 1106 4606 mutuo
1127 4557 1195 4608 lactan
1212 4565 1293 4620 erunt,
1315 4562 1432 4611 Corinthii
1452 4563 1585 4613 suadebant
1605 4567 1713 4628 Boeotis,
1734 4572 1762 4618 nt
1779 4580 1807 4619 aa

200 4628 332 4710 Κορίνθιοι
345 4626 404 4694 τοὺς
415 4627 544 4694 Βοιωτοὺς
556 4629 783 4700 ἀκολουθήσαντας
799 4632 921 4704 Ἀθήναζε
935 4635 981 4693 καί
1022 4644 1127 4694 Athenas
1142 4646 1218 4694 secuti
1234 4646 1279 4695 sibi
1299 4661 1395 4711 quoque
1410 4650 1564 4711 impetrarent
1581 4651 1669 4702 eodan
1685 4652 1760 4704 modo
1773 4654 1807 4704 la·

200 4715 273 4798 σφίσι
287 4720 410 4787 ποιῆσαι,
421 4712 510 4797 ὥσπερ
521 4715 630 4773 Βοιωτοί
644 4707 724 4795 εἶχον,
745 4715 782 4795 μή
794 4719 941 4798 δεχομένων
954 4720 981 4779 δέ
1022 4736 1086 4791 ctas,
1105 4745 1153 4795 quo
1164 4734 1241 4782 limati
1254 4748 1296 4783 aas
1305 4735 1438 4796 lrabebant;
1455 4736 1475 4785 si
1491 4749 1549 4786 vero
1563 4738 1725 4792 Athenienses
1740 4754 1807 4792 raca·

201 4801 343 4874 Ἀθηναίων
357 4805 477 4860 ἀπειπεῖν
494 4799 540 4872 τὴν
559 4803 704 4882 ἐκεχειρίαν
723 4805 767 4863 καῖ
786 4804 815 4863 rb
834 4809 923 4866 λοιπὸν
943 4807 980 4886 μή
1023 4823 1114 4880 sarem,
1127 4819 1234 4869 inducias
1246 4821 1291 4884 ipsi
1304 4836 1400 4885 quoquc
1411 4824 1589 4884 renunciarent,
1601 4830 1627 4876 et
1642 4825 1669 4877 in
1684 4832 1808 4892 posterum

202 4888 357 4948 σπένδεσθαι
371 4887 432 4948 ἄνευ
447 4891 541 4947 αὐτῶν.
584 4890 614 4966 (ιι)
631 4891 739 4949 Βοιωτοὶ
753 4891 780 4950 δὲ
793 4894 920 4971 δεομένων
930 4900 982 4953 τῶν
1022 4907 1075 4956 εἰπε
1087 4921 1113 4957 se
1125 4907 1216 4956 nullum
1230 4908 1308 4957 loedus
1318 4909 1431 4960 lacerent.
1466 4912 1656 4974 (amedaram
1668 4916 1808 4979 rogantibus

203 4976 347 5056 Κορινθίων
359 4977 418 5057 περὶ
434 4975 481 5054 μὲν
495 4981 542 5047 τῆς
560 4975 681 5056 ’Λργείων
699 4979 848 5059 ξυμμαχίας
865 4985 982 5062 ἐπισχεῖν
1023 4993 1153 5044 corinthiis
1165 4994 1196 5044 de
1208 4995 1321 5045 societate
1333 4997 1474 5059 argivorum
1487 4997 1585 5060 quidem
1597 5013 1640 5050 eos
1649 5015 1702 5053 rem
1714 5003 1809 5055 diiierre

204 5061 295 5129 αὐτοὺς
308 5063 433 5136 aaaron,
448 5062 563 5131 ἐλθόντες
580 5065 606 5122 δέ
621 5064 742 5135 Ἀθήναζε
754 5065 821 5144 μετὰ
838 5069 981 5148 Κορινθίων
1023 5078 1152 5142 jubebant,
1172 5081 1278 5132 arluenas
1300 5093 1358 5133 sero
1378 5097 1434 5134 cum
1456 5085 1586 5137 coriutbiis
1605 5088 1709 5155 proiecti
1727 5090 1810 5143 ύωεω
