3676 5828
750 322 922 385 scflom.
943 323 968 403 1,
985 332 1071 385 ι-υ.
1655 368 1692 420 15

96 466 140 536 όξύ
160 467 301 544 ἀπολῆγον.
320 462 457 523 Ἐκαλεῖτο
472 457 499 518 δέ
511 463 563 518 τῶν
577 458 625 536 μίν
640 459 748 540 ἀνδρῶν,
766 456 873 539 κρωύύ-
916 456 1001 540 Ὑπέρ
1014 456 1108 536 ῆμισυ]
1122 458 1151 515 οὐ
1165 459 1217 515 τῶν
1228 455 1362 529 Ἑλλήνων
1374 453 1438 538 θπέρ
1452 455 1546 534 ῆμισυ,
1559 459 1627 529 ἀλλὰ
1639 463 1690 519 τῶν

96 556 147 621 λος·
164 556 215 611 τῶν
228 551 255 610 δέ
267 551 406 628 γυναικῶν,
418 546 556 629 κόρυμύος·
567 548 619 604 τῶν
633 543 661 604 δέ
675 545 787 622 παίδων,
798 567 874 627 σκορ·
918 544 1058 607 Φοινίκων·
1079 546 1103 603 οί
1123 543 1173 626 γάρ
1194 543 1324 616 Ἕλληνες
1344 542 1430 603 ἐκαιον
1452 544 1486 603 τά
1510 544 1630 622 σώματα.
1653 582 1692 593 -

97 639 164 705 πίος.
178 638 252 715 §'Ev
262 635 345 717 έροει,
364 637 390 693 ἐν
410 632 545 710 άναδέσει,
554 630 627 713 παρδ
636 631 666 691 τὸ
680 630 765 713 είρειν.
779 635 797 710 §
810 633 874 693 Ἐν·
919 637 1006 713 Κᾶρες
1022 631 1163 713 ἐφάνησαν,
1183 631 1337 711 γνωσθέντες
1353 635 1386 712 τῇ
1400 655 1429 690 τε
1443 636 1523 713 σκευῇ
1537 636 1588 691 τῶν
1607 633 1694 694 ὅπλων

96 723 193 796 ἤλλαξε
226 722 274 794 τὴν
304 725 413 793 πτῶσιν,
439 718 497 778 ἀντί
522 724 582 791 τοῦ,
610 725 722 798 χρυσοῦς
749 718 874 798 τέττιγας.
919 722 988 799 κτλ]
1003 723 1087 800 Κᾶρες
1099 721 1198 799 πρῶτοι
1212 710 1285 799 εὐρον
1295 716 1356 785 τούς
1369 716 1501 799 ὀμφαλοὺς
1512 722 1564 778 τῶν
1577 721 1694 796 ἀσπίδων

69 810 204 893 εέφόρουν
224 807 252 869 δέ
272 808 391 887 τέττιγας
412 805 455 866 διδ
468 806 498 866 τδ
512 805 677 884 μουσικόν,ῆ
694 805 738 864 διδ
752 805 782 866 τό
796 805 876 866 αὐτό-
920 807 965 866 καί
984 806 1043 874 τούς
1064 806 1166 888 λόφους.
1185 807 1238 873 τοῖς
1257 799 1301 865 οὐν
1321 807 1513 878 ἀποθνήσκουσι
1538 806 1722 876 συνέθαπτονε

97 904 191 979 χθονας
201 888 274 956 εἶναι·
289 896 335 956 καί
346 895 398 976 γδρ
411 895 440 954 τὸ
452 898 515 963 ζῶον
526 892 641 971 γηγενές.
652 926 688 935 -
698 896 810 974 Χρυσῶν
819 916 878 952 τετ-
921 893 1084 954 ἐσπιδίσκιον
1105 893 1197 975 μικρδν
1216 893 1262 952 καί
1276 893 1363 975 λόφον,
1378 903 1485 972 σημεῖον
1505 899 1551 967 τῆς
1565 897 1695 978 εὑρέσεως·

97 987 176 1065 τίγων
190 984 288 1065 ἐνέρσει
305 982 440 1065 κροιύύλον
462 980 645 1059 ἀναδούμενοι]
662 980 690 1039 δν
709 984 733 1040 σί
753 981 878 1058 ἐπίσημοι
921 981 967 1039 καί
980 984 1011 1040 ἐκ
1022 980 1114 1039 τούτου
1127 980 1292 1061 ἐγνωρίζοντο
1305 983 1329 1038 οί
1345 984 1441 1063 Κᾶρες.
1456 983 1480 1040 οί
1494 982 1522 1041 δὲ
1534 983 1655 1053 Φοίνικες
1668 988 1698 1045 ἐκ

98 1073 206 1154 ἐφόρουν
217 1071 352 1149 Ἀθήνῃσι,
365 1069 409 1129 ἐπί
422 1073 468 1140 τῆς
479 1070 594 1149 κεφαλῆς
607 1067 752 1148 ἔμπροσθεν
764 1067 879 1145 ἐγκαθό-
921 1072 968 1127 τοῦ
985 1067 1080 1149 τρόπου
1094 1073 1141 1141 τῆς
1157 1073 1249 1150 ταφῆς·
1269 1071 1322 1127 τῶν
1336 1068 1422 1128 ἄλλων
1441 1067 1493 1151 γάρ
1512 1072 1554 1129 ἐπ’
1571 1073 1699 1143 ἀνατολὰς

98 1184 185 1239 μενον,
199 1164 233 1226 ὡς
247 1160 269 1218 δ’
290 1158 380 1233 ἄλλοι,
395 1156 438 1214 ἐπὶ
457 1161 502 1215 τοῦ
520 1153 662 1235 τραχήλου·
679 1153 812 1232 σύμύολον
832 1159 879 1214 τοῦ
922 1154 1064 1214 ποιαίντων
1079 1159 1141 1237 ὁρῆν
1155 1152 1214 1223 τούς
1231 1153 1348 1235 νεκρούς,
1369 1157 1392 1213 οί
1412 1155 1534 1224 Φοίνικες
1554 1156 1700 1235 ἐξεπίτηδες

60 1280 85 1317 10
98 1255 213 1327 γηγενεῖς
223 1237 297 1304 εἶναι.
308 1243 505 1326 -Κρωύύλον]
516 1241 634 1320 ἐμπλοκι]
645 1242 749 1300 ἀπὸτοῦ
759 1239 880 1320 μετώπου
924 1241 968 1301 ἐπί
981 1241 1063 1301 δύσιν.
1074 1275 1116 1287 -
1132 1262 1155 1303 ε.
1172 1241 1358 1309 Καταστάντος
1375 1242 1403 1301 δέ
1417 1249 1462 1302 τοῦ
1477 1244 1552 1304 Μίνω
1567 1248 1701 1328 ναυτικοῦ]
1718 1286 1741 1325 ,0

97 1336 141 1394 ἐπί
152 1331 266 1415 κορυφὴν
280 1330 424 1410 άνηγμίνη.
440 1367 473 1377 -
485 1350 507 1389 ε.
526 1329 629 1409 Μετρίηι
644 1329 665 1388 δ’
680 1322 714 1387 αὐ
729 1331 818 1400 ἐσθῆτι
835 1328 881 1387 καί
923 1328 954 1388 τό
967 1333 1060 1408 σχῆμα
1074 1329 1244 1410 ἐπανάληψις.
1258 1328 1288 1387 τό
1300 1328 1328 1389 δέ
1341 1327 1435 1403 Μίνω,
1447 1328 1571 1392 Ἀττικόν.
1581 1367 1622 1379 -
1632 1334 1702 1394 Ἀνί-

99 1425 125 1490 ἐς
137 1422 181 1482 τὸν
195 1426 238 1480 νῦν
251 1419 359 1499 τρόπον]
369 1418 454 1477 λείπει
468 1421 485 1488 ἡ
500 1420 541 1497 τῇ·
554 1415 587 1475 ἐν’
598 1409 631 1496 ᾖ,
643 1415 689 1476 καί
699 1420 732 1497 τῆ
743 1418 769 1483 ἐς
780 1415 824 1474 τόν
836 1421 881 1475 νῦν
925 1418 1037 1496 στησαν]
1052 1415 1193 1477 ἀνάστατοι
1205 1416 1329 1496 ἐγίνοντο.
1343 1452 1384 1463 -
1396 1436 1418 1478 σ.
1431 1421 1468 1479 Οί
1483 1418 1556 1501 παρὰ
1569 1420 1703 1482 θάλασσαν

98 1508 204 1590 τρόπον.
219 1510 319 1587 πρῶτοι
344 1502 624 1582 Λακεδαιμόνιοιοίτδι
637 1502 718 1582 μείζω
727 1502 882 1580 κεκτημένοι
966 1503 1111 1585 χρημάτων
1130 1503 1292 1583 ποιούμενοι]
1303 1510 1441 1585 πανταχοῦ
1454 1505 1705 1588 τούςπαφδθάλασ-

101 1595 196 1676 μετρίφ
210 1597 299 1664 ἐσθῆτι
313 1592 474 1674 ἐχρήσαντο,
487 1589 533 1649 καί
547 1593 572 1657 ἐς
583 1588 617 1650 τά
633 1590 701 1649 ἄλλα
712 1591 766 1657 τοῖς
776 1591 883 1659 πολλοῖς
926 1615 975 1650 σαν
982 1589 1130 1672 ἀνθρώπως
1140 1591 1332 1673 εὐπορωτέρους
1342 1591 1413 1670 λέγει
1423 1584 1499 1655 εἶναι.
1510 1628 1551 1640 -
1561 1595 1617 1656 Καί
1629 1596 1704 1676 τείχη

61 1703 87 1741 ιι
101 1679 245 1762 ὁμοδίαιτα
261 1680 435 1754 κατέστησαν.
449 1713 490 1726 -
502 1678 572 1746 Τούς
589 1678 714 1759 πολλούς]
726 1678 786 1748 τούς
801 1671 883 1754 πίνη-
925 1677 1139 1759 περιεύάλλοντο]
1157 1678 1203 1738 καί
1220 1684 1297 1738 τοῦτο
1321 1680 1491 1763 ἐπανάληψις·
1513 1686 1623 1764 προεῖπε
1644 1681 1704 1766 γάρ,
1723 1727 1746 1766 ,0

100 1795 155 1838 τας.
170 1805 206 1814 -
216 1769 260 1831 Τὰ
279 1768 359 1846 μείζω
376 1766 544 1845 κεκτημένοι]
560 1765 690 1829 πλούσιοι.
709 1802 749 1814 -
762 1787 783 1827 ι.
799 1765 883 1848 Ἐγυ-
925 1765 1038 1847 τείχεσιν
1049 1765 1188 1835 ἐκτίζοντο.
1202 1801 1242 1814 -
1254 1785 1277 1829 ι.
1293 1765 1340 1826 Ἔν
1355 1767 1437 1850 τούτῳ
1446 1773 1484 1852 τῷ
1494 1769 1595 1851 τρόπῳ]
1609 1775 1648 1854 τῷ
1661 1772 1705 1831 δυ·

102 1854 242 1936 μνύθησάν
255 1877 284 1914 τε
298 1854 410 1936 πρῶτοι]
423 1856 450 1912 ἐν
463 1857 516 1919 τοῖς
532 1855 617 1932 ἀγῶσι
631 1853 759 1926 δηλονότι·
773 1852 883 1937 καὶγὰρ
925 1859 996 1936 νατῷ
1009 1853 1054 1913 καί
1065 1853 1176 1936 εὐπόρυρ.

101 1944 162 2026 περί
174 1941 209 2002 τό
222 1945 307 2002 αἰδοῖα
319 1940 466 2012 ἐζώννυντο.
478 1941 598 2022 Ὅμηρος
611 1947 669 2014 [od.
684 1953 716 2016 Σ,
727 1948 774 2014 σοΙ·
966 1944 1015 2004 lx.
1036 1939 1207 2020 Ἀγαμέμνων
1218 1939 1248 2001 τί
1258 1964 1303 2020 μοι
1317 1941 1398 2022 δοκεῖ]
1411 1941 1442 2001 τδ
1450 1940 1521 2016 ίξῆς,
1536 1943 1707 2024 Ἀγαμέμνων

163 2060 243 2107 mm
252 2060 301 2115 ,μ’
310 2054 349 2104 η,
359 2054 443 2110 “m
452 2053 584 2116 ηῃφηώωσ,
595 2054 635 2103 0οη
645 2054 693 2104 οης,
891 2075 894 2079 -
926 2028 956 2090 τί
967 2052 1012 2108 μοι
1024 2030 1093 2089 δοκιῖ
1104 2028 1149 2088 τδν
1158 2028 1249 2089 στόλον
1263 2032 1374 2110 ἐγεῖραι.
1388 2065 1428 2076 -
1440 2051 1462 2092 τ.
1477 2031 1531 2091 Καί
1542 2036 1566 2091 οί
1577 2032 1612 2092 τὰ
1623 2033 1707 2115 σαφέ-

59 2143 89 2184 20
163 2126 329 2190 μυρουμένους.
927 2115 1145 2194 στατα...]όναῦς
1155 2115 1394 2196 τοιοῦτος,λίγουσι
1405 2115 1432 2176 δέ
1444 2118 1490 2177 καὶ
1501 2116 1707 2179 οίτδΠελοπον·
1722 2159 1749 2198 ,0

102 2225 196 2284 Ταῦτα
211 2219 239 2281 δέ
252 2224 286 2289 ὣς
297 2223 324 2280 ἐν
334 2218 497 2300 παρεκὸάσει
509 2218 620 2300 είρηται.
631 2253 670 2265 -
680 2218 766 2299 Λίπα]
778 2220 809 2280 τύ
818 2219 883 2280 λίπα
927 2200 1024 2275 *W*
1039 2201 1131 2282 μ”ίίίύ
1148 2201 1300 2285 σαθίπαῗα
1319 2204 1475 2283 mmmm·
1489 2205 1523 2264 ἐν’
1540 2197 1558 2286 ᾖ
1574 2205 1708 2288 ἐπίρρημα

101 2309 224 2390 Ὅμηρος
245 2310 395 2375 ἐπιθετικῶς
412 2305 483 2385 λέγει
501 2306 532 2365 τό
550 2305 654 2382 ἐλαιον,
673 2298 747 2375 αὐτος
765 2306 792 2367 δέ
806 2308 885 2377 όντως
927 2289 958 2349 τὸ
979 2288 1142 2372 σαφέστατα·
1165 2325 1206 2336 ·“
1225 2291 1337 2352 Hom
1357 2316 1385 2351 τί
1405 2295 1521 2375 πρῶτον]
1541 2293 1571 2353 τὸ
1590 2294 1648 2366 ίίῆς
1666 2294 1709 2355 ⁰5·

102 2395 167 2454 αὐτό
179 2394 310 2472 ὀνομάζει.
324 2429 365 2441 -
377 2391 455 2455 Μετὰ
462 2398 509 2453 τοῦ
519 2392 706 2473 γυμνάζεσθαι]
718 2394 776 2453 ἀντί
786 2401 846 2470 τοῦ,
858 2397 885 2454 ἐν
927 2399 991 2451 '⁶¹⁶2
1003 2377 1115 2438 Πέλοπά
1130 2400 1159 2436 ³¹
1172 2382 1286 2461 πρῶτον,
1301 2380 1434 2453 ww
1448 2380 1526 2456 ὄντα,
1542 2382 1613 2460 ὅμως
1624 2391 1708 2464 ww·

102 2486 141 2564 τῷ
157 2481 343 2560 γυμνάζεσθαι.
357 2515 398 2527 -
412 2483 452 2541 Οὐ
472 2479 559 2540 πολλδι
573 2478 619 2553 ἐτη
634 2480 726 2553 ἐπειδὴ
740 2481 886 2563 πέπαυται]
928 2463 958 2525 τὸ
969 2468 1072 2545 πρῶτον
1083 2464 1148 2548 “W
1158 2464 1189 2524 τί
1202 2465 1296 2538 ’‘W“
1309 2467 1464 2548 χρημάτων·
1477 2503 1519 2515 -
1532 2469 1591 2542 Τὴν
1607 2472 1710 2530 zm·

62 2588 90 2627 τε
105 2569 159 2628 ἇπδ
172 2568 321 2650 Ὀρσίππου
335 2567 479 2649 Μεγαρέως
492 2567 679 2646 ἐγυμνώθησάν
700 2571 727 2628 ἐν
744 2578 797 2638 τοῖς
811 2574 885 2652 άγῶ-
929 2551 1002 2630 μίαν]
1017 2552 1095 2614 Ἀπία
1112 2552 1164 2634 Υέθ
1176 2553 1207 2613 τὸ
1223 2558 1326 2636 πρῶτον
1344 2558 1471 2618 ἐκαλεῖτο·
1488 2556 1611 2638 Ὄμηρος
1628 2565 1668 2630 ffl-
1684 2570 1710 2631 ἐν
1724 2601 1750 2640 2⁶

104 2681 153 2732 σιν,
168 2661 202 2725 ὣς
214 2658 288 2728 δηλοῖ
301 2656 347 2715 καί
362 2656 392 2715 τδ
403 2659 429 2723 ἐς
440 2655 518 2714 αὐτὸν
531 2654 695 2736 ἐπίγραμμα·
929 2647 989 2713 ²⁷⁰1·
1053 2719 1184 2777 mame
1195 2719 1271 2777 Ἆπίης
1280 2718 1349 2782 W<

172 2769 740 2904 mugaq’offifflffimvfflfflw
930 2805 1130 2876 Πελοπόννησος
1140 2803 1244 2886 γάρνῦν
1257 2808 1385 2866 καλεῖται.
1398 2841 1438 2852 -
1455 2808 1509 2869 Καὶ
1525 2807 1644 2890 ὕστερον]
1658 2810 1712 2869 ἀπὸ

164 2916 254 2975 πρῶτος
266 2912 285 2960 δ’
297 2911 412 2968 Ἑλλήνων
422 2888 446 2958 έν
456 2909 573 2973 Ὀλυμπία
584 2911 731 2973 ἐστεφανώθη
928 2893 1050 2953 κοινοῦτδ
1058 2892 1171 2971 λέγουσι.
1181 2890 1433 2976 -Ξυνενεχθῆναι]
1445 2894 1502 2953 ἀντί
1510 2900 1555 2954 τοῦ
1566 2899 1713 2976 εὐτυχηθῆ-

62 2995 90 3036 εο
196 2982 296 3044 γυμνὸς,
306 2981 453 3043 ίωννυμένυν
461 2985 507 3028 τῶν
516 2982 568 3044 πρὶν
578 2980 610 3029 ἐνὶ
620 2982 715 3045 σταδίῳ.
929 3004 985 3055 ναι,
997 2979 1014 3052 ἢ
1027 2984 1198 3060 συναχθῆναι.
1207 3012 1249 3029 -
1257 2980 1327 3041 Ὑπὸ
1336 2979 1515 3062 Ἡρακλειδῶν
1525 2982 1710 3063 ἀποθανόντος]
1725 3023 1752 3062 00

105 3068 190 3128 ἐατέον
207 3068 247 3127 ότι
262 3067 323 3148 περί
337 3071 387 3125 τῶν
400 3067 616 3144 Δακεδαιμονίων
626 3070 674 3127 οὐκ
686 3067 819 3129 σἰοθίνιιαν
833 3072 884 3129 τῶν
929 3070 979 3148 οὐχ
991 3067 1030 3127 &a
1044 3070 1087 3126 ὐπ’
1100 3070 1186 3126 αὐτῶν
1200 3067 1277 3143 μόνον
1288 3067 1426 3148 ἐφονεύθη,
1438 3069 1497 3127 ἀλλ’
1510 3069 1549 3129 ότι
1562 3069 1595 3128 δι’
1608 3069 1709 3137 αὐτούς.

104 3155 223 3237 ιἰρχαίων
242 3154 433 3233 παραδίδωσιν,
450 3154 599 3236 (ἀδιάφορον
612 3153 663 3235 γάρ
682 3155 713 3214 τδ
736 3156 848 3234 γυμνούς
867 3156 884 3228 ἢ
928 3188 969 3200 -
984 3153 1092 3235 Ἀτρέως
1109 3156 1137 3214 δέ
1155 3154 1252 3235 μητρός
1265 3157 1375 3232 ἀδελφοῦ
1394 3155 1465 3222 ὄντος
1483 3157 1566 3238 αὐτῷ]
1585 3157 1712 3217 Ἀστυδά-

105 3241 266 3320 ἐζωσμένους
280 3242 451 3320 ἀγωνίζεσθαι
459 3241 522 3321 πρδς
534 3241 663 3320 δύναμιν]
677 3240 745 3301 άλλδ
757 3242 835 3320 μόνον
847 3243 886 3305 ότι
931 3265 1007 3319 μεια,
1023 3241 1112 3321 μήτηρ
1129 3240 1295 3322 Εὐρυσθέως,
1310 3240 1410 3324 σἰδελφῆ
1424 3241 1543 3323 Ἀτρέως.
1556 3277 1597 3289 -
1614 3243 1712 3323 Αὐτόν]

103 3330 200 3407 ὁμοίως
214 3332 339 3409 διῃτῶντο
352 3337 405 3396 τοῖς
422 3329 570 3409 βαρύάροις.
584 3329 614 3388 τδ
627 3329 654 3388 δὲ
669 3329 734 3402 ἑξῆς·
749 3329 788 3389 ἐτι
801 3331 829 3390 δέ
840 3332 886 3392 καί
930 3327 1032 3410 Ἀτρέα.
1041 3363 1082 3374 -
1090 3329 1145 3390 Τδν
1158 3326 1272 3409 πατέρα]
1286 3328 1330 3387 τὸν
1343 3329 1464 3391 Πέλοπα.
1476 3334 1490 3389 ὁ
1502 3329 1553 3411 γάρ
1565 3330 1658 3413 Πέλοψ
1667 3330 1712 3390 τόν

62 3443 90 3483 35
104 3418 196 3484 ἐντοῖς
213 3416 367 3498 βαρὸάροις,
379 3416 426 3475 καί
441 3417 558 3495 μάλιστα
570 3421 624 3484 τοῖς
637 3416 776 3491 Ἀσιανοῖς,
791 3410 828 3486 οἷς
842 3427 887 3480 νῦν
930 3416 1086 3497 Χρύσιππον
1095 3415 1375 3476 τόνυίδνόνεῖλεν·όδέ
1385 3414 1666 3500 Ἀτρεύς,φο6αίμενος
1673 3417 1711 3496 μὴ
1725 3465 1751 3505 ,0

103 3508 210 3582 πυγμῆς
222 3505 268 3564 καὶ
279 3503 368 3575 πάλης
381 3495 447 3563 ἆθλα
458 3503 565 3563 τίθεται.
576 3539 617 3550 -
626 3504 675 3564 Ἐν
683 3505 736 3573 τοῖς
747 3506 888 3589 βαρύάροις
930 3503 961 3562 τό
974 3504 1038 3564 αὐτὸ
1049 3503 1138 3583 πάθη,
1150 3503 1252 3585 ἐφυγεν.
1264 3538 1306 3550 -
1317 3503 1507 3587 Ἀνιχιίιρησεν]
1520 3506 1578 3567 ἐντί
1588 3511 1634 3567 τοῦ
1645 3507 1713 3567 ἐπα·

104 3589 174 3651 ἐστιν
189 3581 237 3670 οἷς]
255 3589 282 3649 ἔν
295 3613 350 3649 τισι
363 3593 415 3648 τῶν
431 3588 582 3671 βαρύάρων.
596 3625 639 3637 -
655 3580 749 3671 Ἀθλα]
767 3584 887 3667 ἐθλος,ό
930 3590 1713 3676 νῆλθεν.θθπίστριψεν.-Τεθεραπευκότα]χρήμασιδη-

105 3679 186 3758 ἇγὼν,
203 3681 352 3759 ἀρσενικῶς·
367 3670 444 3738 ἆθλον
459 3675 500 3750 δὲ,
513 3678 544 3737 τδ
557 3677 679 3751 ἔπαθλον,
693 3680 841 3760 οὐδετέροις.
930 3676 1026 3739 λονότι.
1040 3712 1081 3725 -
1095 3681 1157 3739 Τῶν
1175 3678 1325 3760 Περσειδῶν
1342 3678 1402 3746 τούς
1416 3678 1578 3760 Πελοπίδας]
1591 3679 1713 3762 Ὅμηρος

144 3770 209 3829 Vll.
236 3765 438 3846 Πλωῑμωτέρων
461 3764 553 3845 όντων]
577 3768 664 3835 ἀδείας
688 3774 816 3848 τυχοῦσαι
841 3775 886 3829 τοῦ
933 3771 972 3837 [11.
985 3777 1019 3837 T,
1035 3772 1091 3837 ιτα]

64 3892 92 3933 00
105 3857 190 3914 πλεῖν.
204 3857 221 3924 ἡ
236 3853 264 3911 δέ
278 3852 411 3932 σύγκρισις
423 3852 487 3933 πρὸς
498 3852 557 3920 τούς
573 3853 706 3933 ἀρχαίους.
718 3890 759 3901 -
772 3859 886 3938 Περιου-
1023 3860 1152 3924 Εὐρυσθεὺς
1161 3861 1278 3909 Σθενέλοιο
1286 3859 1341 3918 πᾶῐς
1352 3861 1510 3926 Περσηῐᾶδαο·
1725 3895 1754 3935 00

105 3941 164 4008 σίας
174 3942 272 4018 μᾶλλον
282 3938 420 4019 ἔχουσαι...
436 3936 578 4022 ἐκτίζοντο]
592 3945 729 4021 πανταχοῦ
740 3941 800 4010 τούς
814 3942 888 4025 παρὰ
931 3938 988 4000 όδέ
1002 3937 1119 4020 Ἀτρεύς,
1138 3938 1295 4011 Πελοπίδης.
1313 3973 1354 3984 -
1369 3960 1391 4000 ε.
1403 3936 1436 4000 Ἀ
1451 3963 1497 4018 μοι
1514 3941 1597 4019 δοκεῖ]
1615 3940 1650 3999 τδ
1667 3940 1713 4000 δύο

105 4027 236 4087 θάλατταν
248 4026 399 4108 ἀνθρώπους
408 4025 599 4106 εὐπορωτέρους
607 4026 678 4106 λέγει
690 4019 766 4090 εἶναι.
778 4064 819 4076 -
829 4029 888 4092 Τεί-
933 4032 1065 4108 σκῆπτρα.
1079 4061 1121 4073 -
1132 4028 1174 4087 Οὐ
1185 4025 1288 4107 χάριτι]
1300 4024 1423 4108 Ὀμηρος
1436 4035 1494 4099 [οδ.
1508 4039 1542 4100 E,
1554 4035 1614 4098 σοι]

103 4138 179 4195 χεσιν
190 4114 329 4193 ἐκτίζοντο]
338 4114 424 4173 λείπει
435 4117 452 4186 ε]
464 4112 521 4187 σύν,
529 4113 573 4172 ίνα
582 4106 600 4195 ᾖ
607 4158 614 4187 ,
629 4114 675 4173 σύν
689 4116 803 4196 τείχεσιν
818 4117 888 4177 ἐκτί-
1023 4122 1095 4187 Χάριν
1104 4121 1226 4186 Ἀτρείδῃσι
1237 4124 1348 4186 φίραπτς.

104 4208 187 4272 ζοντο.
207 4238 247 4248 -
269 4201 437 4282 Προςοίκους]
458 4201 489 4261 τό
510 4201 644 4283 πρόςοικος
665 4204 709 4263 ἐπί
732 4203 833 4274 πόλεως
855 4210 888 4265 οἰ·
932 4200 1712 4283 -ε,Ναυσίτε]λείπιισύνναυσίτε.-ΚαίἈρκάσιπρος-

64 4323 91 4362 ,0
105 4289 235 4370 κειότερον
249 4293 348 4368 μᾶλλον
359 4296 405 4349 τοῦ
417 4289 519 4371 δμορος·
534 4289 576 4348 ἐπὶ
588 4288 639 4371 γδιρ
652 4289 719 4373 ὅρων
729 4296 805 4352 τοῦτο
817 4296 887 4372 λαμ·
933 4290 1093 4372 παρασχών]
1103 4289 1134 4349 τδ
1143 4289 1215 4363 ίξῆς,
1223 4287 1325 4372 πρδςδέ
1336 4288 1381 4348 καί
1392 4287 1498 4370 Ἀρκάσι
1507 4287 1662 4369 παρασχών.
1672 4324 1713 4335 -
1725 4337 1752 4376 ⁴¹·

105 4375 223 4436 ῦάνεται.
233 4411 274 4422 -
287 4375 338 4437 Διὰ
348 4374 397 4448 τῆν
407 4377 543 4456 λῃστείαν]
558 4374 601 4435 διέι
614 4377 644 4435 τό
654 4380 834 4457 ληστεύεσθαι.
848 4415 889 4427 -
932 4377 1044 4457 Ἱκανός]
1058 4375 1101 4436 διό
1112 4383 1157 4437 τοῦ
1172 4377 1260 4444 ίκανδς
1271 4377 1300 4437 τό
1314 4376 1461 4447 ἀξιόπιστον
1475 4381 1521 4435 τοῦ
1533 4381 1642 4448 ποιητοῦ
1657 4400 1712 4437 πα·

106 4465 297 4544 Ἀντισχοῦσαι]
315 4463 382 4542 μετδ
393 4464 481 4543 μάχης
495 4467 697 4527 ἐναντιωθεῑσαι.
711 4500 754 4512 -
763 4465 889 4550 Ἔφερον]
934 4464 1067 4546 ρίσιησεν.
1074 4499 1115 4511 --
1125 4466 1184 4525 Οὐκ
1193 4455 1278 4524 δνάίν
1286 4462 1563 4544 νῆσων]συλλογισμύς
1570 4461 1601 4521 τδ
1610 4466 1711 4543 σχῆμα.

105 4553 137 4611 τό
151 4551 240 4633 ἐφερον
255 4552 313 4611 ἀντὶ
327 4556 372 4612 τοῦ
384 4551 535 4632 ἐλῄστευον,
547 4552 689 4630 ἐόλαπτον,
704 4557 739 4621 ὣς
750 4555 796 4615 καί
808 4554 889 4638 Ἦρό-
933 4551 1103 4631 ’Ἀγαμέμνων
1117 4543 1184 4635 ῆρχι
1202 4551 1251 4630 μέν
1264 4559 1310 4612 τοῦ
1323 4547 1433 4634 Ἀργους
1445 4551 1491 4611 καί
1506 4553 1558 4610 τῶν
1571 4550 1631 4632 περί
1649 4550 1713 4610 αὐτό

106 4640 188 4705 δοτος.
201 4673 243 4684 -
257 4638 338 4699 Κάτω
357 4638 451 4720 ᾤκουν]
469 4638 528 4711 ἤτοι
545 4639 621 4718 ἐγγύς
637 4645 684 4712 τῆς
697 4640 839 4716 θαλάσσης.
858 4643 889 4703 τδ
933 4637 1029 4713 νόσων,
1043 4637 1163 4700 ἐπέκεινα
1177 4638 1205 4700 δέ
1219 4643 1270 4700 τῶν
1285 4642 1313 4700 ἐν
1325 4644 1358 4720 τῇ
1372 4643 1483 4721 περιοχῇ
1494 4643 1541 4698 τοῦ
1552 4633 1660 4719 Ἀργους
1671 4637 1714 4709 *A-

64 4759 92 4800 00
107 4725 178 4796 ἐξῆς,
197 4724 243 4783 καὶ
260 4728 311 4783 τῶν
330 4726 417 4784 ἄλλων
434 4723 490 4784 όσοι
507 4724 581 4784 κάτω
597 4724 691 4807 ᾤκουν,
704 4725 774 4796 ὄντες
791 4730 821 4789 οὐ
839 4734 889 4788 θα-
934 4719 1066 4809 συνῆρχε
1085 4727 1131 4787 καί
1146 4726 1240 4810 ἐτέρων
1255 4725 1342 4799 νήσων
1358 4728 1472 4799 πολλῶν,
1489 4724 1518 4785 αί
1535 4727 1583 4784 οὐκ
1601 4723 1632 4784 δν
1647 4715 1714 4797 ῆσαν
1727 4771 1754 4810 w

106 4812 224 4884 λάσσῑοι,
239 4811 328 4892 ἔφερον
343 4812 480 4883 ἇλλάλους.
933 4815 1043 4888 πολλαί,
1055 4817 1078 4876 ιέ
1090 4813 1128 4892 με]
1139 4815 1259 4876 ναυτυιδν
1270 4806 1340 4896 εἶχιν
1352 4818 1366 4874 ὁ
1378 4812 1557 4893 Ἀγαμέμνων,
1569 4813 1601 4872 δι’
1612 4804 1641 4872 οὐ
1654 4809 1714 4871 τού-

147 4902 225 4962 Vlll.
246 4902 308 4978 Οὐχ
320 4891 413 4978 ῆσσον]
428 4900 486 4958 ἀντί
506 4905 551 4958 τοῦ
566 4899 635 4960 λίαν.
650 4936 691 4945 -
705 4901 791 4981 Κᾶρές
804 4926 834 4963 τι
846 4903 890 4963 όν-
934 4927 986 4962 των
1002 4911 1106 4984 κρατεῖν
1123 4905 1245 4974 ῆδύνατο.
1255 4937 1296 4949 -
1305 4924 1327 4964 ε.
1343 4902 1465 4972 Είκιίζειν
1477 4899 1565 4982 δέχρῆ
1579 4946 1609 4980 ,0.
1620 4898 1654 4958 τά
1663 4897 1715 4979 πρὸ

108 5012 152 5055 τες
163 4985 209 5046 καί
221 4985 353 5058 Φοίνικες]
367 4986 410 5045 ἵνα
426 4986 463 5065 μὴ
476 4987 606 5066 διαύάλλῃ
618 4987 648 5045 τὸ
659 4987 822 5063 Ἑλληνικὸν,
834 4982 890 5050 εἶπε
935 4992 1026 5070 αὐτῆς]
1045 4993 1067 5048 εί
1087 4989 1138 5070 γάρ
1156 4990 1190 5050 τδι
1208 4992 1294 5061 οὕτως
1306 4990 1453 5071 ὑμνούμενα
1473 4992 1565 5062 εὐτελῆ
1580 4981 1621 5062 ῆν,
1640 4987 1714 5067 πόσῳ

111 5072 204 5153 Κᾶρας
223 5073 268 5132 καί
289 5073 426 5141 Φοίνικας.
445 5074 475 5133 τύ
490 5078 582 5154 σχῆμα
606 5073 831 5156 προαναφώνησις.
851 5113 891 5124 -
936 5080 1035 5157 μᾶλλον
1047 5076 1081 5137 τδι
1092 5078 1143 5160 πρὸ
1157 5082 1252 5141 αὐτῶν.

1632 5170 1667 5210 τε.
