3676 5828
176 329 227 383 ιιι
762 310 933 373 scnoLlA.
947 311 1018 388 vn,
1035 321 1186 373 σε-ον,

173 437 950 528 ψάντιόολία,δάκρυακαίστεναγμδς,παρίιτδάντιῦολῶ.
996 442 1116 496 κνοῦνται
1136 436 1217 514 ὅμως]
1235 436 1313 516 ἤγουν
1329 435 1405 499 οὕτω.
1418 471 1459 485 ·-
1472 460 1496 499 ο.
1517 440 1609 521 Παρά]
1635 443 1713 503 κατά,
1735 478 1770 491 .-

171 582 204 594 -
215 531 421 609 »Επιθειασμῶν]
440 528 514 587 θείων
531 527 701 597 ἐπικλήσεων.
719 570 752 585 ..
769 526 835 603 Περί
853 528 904 582 τῶν
925 524 951 581 ἐν
995 543 1017 584 ο.
1036 523 1090 584 Καί
1105 523 1267 636 βιασάμενοι]
1281 522 1327 582 σίιν
1341 523 1386 603 βία
1400 525 1582 603 ἀπωσάμενοι.

172 627 209 703 τῷ
222 614 327 702 VIM]
340 616 463 697 IWmPI
478 619 529 672 ‘VI
539 612 696 691 μελλόντων·
704 647 734 656 ··
747 632 767 670 ⁶·
781 610 950 680 ’θ’ωλθύθων]
1035 613 1161 672 LXXXI·
1196 612 1258 693 ῌού
1270 612 1393 689 χαλεπῶς
1404 611 1559 691 ᾐσθάνοντο]
1573 613 1631 685 ἤτοι
1641 614 1673 672 τὸ
1683 617 1712 674 οθ
1723 640 1770 696 χα-

173 711 317 788 θπηρετῶν.
332 742 362 750 -
382 704 435 764 Καὶ
455 706 478 760 οῖ
496 704 614 760 πλεῖστοι
629 701 806 780 παραχρῆμα]
827 697 885 755 ἀντὶ
905 701 952 754 τοῦ
995 699 1080 763 λεπῶς
1092 702 1129 755 τῶ
1148 695 1262 776 ἔγνωσαν
1276 699 1442 771 συντακτέον,
1461 698 1505 758 ίνα
1517 691 1551 779 ἤ,
1567 701 1665 782 ῥᾳδίως
1682 702 1770 780 [μονον

147 796 217 854 σκαί
231 798 255 854 οί
269 796 386 852 πλεῖστοι
398 794 424 849 ἐν
433 795 471 868 τῷ
480 788 539 847 τότε
548 787 666 868 παρόντι.
678 807 742 846 -ο,
754 786 788 846 ‘II
800 785 881 862 άλλη]
893 782 952 855 ἤτοι
973 838 975 845 ,
996 783 1088 850 αὐτοὺς
1139 784 1340 863 κεχωρῆκεσαν·
1357 784 1375 855 ἤ
1392 789 1430 864 τῷ
1449 788 1651 866 κεχωρηκότας,
1668 786 1713 847 ἵνα
1727 811 1791 861 ειμι

172 888 224 942 τῶν
239 883 335 940 ἄλλων.
349 928 380 941 ..
398 878 489 948 Αίκία]
511 876 634 941 κάκωσις.
648 918 682 933 ..
697 874 751 934 Καὶ
772 878 788 944 ἡ
810 870 950 952 ἰσομοιρία]
972 918 975 937 ,
996 868 1090 950 μαίνῃ,
1110 935 1114 950 Ι
1137 873 1240 929 ἐδόκουν
1254 875 1340 940 αὐτοῖς
1354 871 1465 939 εὐκόλως
1479 874 1525 932 καί
1544 875 1643 955 ῥᾳδίως
1656 899 1769 956 κεχωρη-

173 970 218 1030 καί
232 969 261 1028 τδ
271 976 399 1028 κοινωνεῖν
409 964 509 1037 δηλαδῆ
521 963 620 1028 πάντας
634 961 725 1033 ἐπίσης
736 965 786 1019 τῶν
797 965 894 1030 κακῶν,
906 958 952 1016 καί
972 958 974 991 ²
995 955 1067 1015 κέναι
1081 961 1105 1016 οί
1119 958 1257 1029 Ἀθηναῖοι.
1274 994 1314 1004 -
1327 980 1349 1020 ν.
1364 958 1434 1039 Δίχα
1448 959 1480 1033 δὴ
1496 962 1584 1034 ὄντας]
1598 963 1680 1040 δίων
1693 988 1770 1042 κεῖθ’

173 1049 224 1117 οἷον
237 1057 293 1115 ἴσου
311 1054 403 1136 μέρους
414 1053 522 1111 ἕκαστον
542 1052 627 1108 αὐτῶν
645 1049 772 1128 μετέχειν.
785 1046 949 1126 -Ἑχουσά
996 1044 1129 1125 ρισμίνους
1147 1047 1200 1104 ἀπὸ
1213 1050 1264 1104 τῶν
1285 1047 1352 1122 μετά
1372 1048 1473 1108 Νικίου.
1487 1084 1528 1095 —-
1547 1051 1603 1110 Καὶ
1624 1049 1729 1129 ξυνῆγον
1748 1055 1770 1118 ἦ(

172 1168 230 1204 τινα
248 1143 361 1220 ὅμως-ιι]
382 1138 478 1219 ἔχουσά
495 1162 552 1195 τινα
567 1136 710 1217 κουφισμὸν
731 1133 848 1206 δηλονότι
862 1139 879 1206 ἤ
894 1137 950 1192 ίσο·
994 1132 1085 1211 ταύτό]
1100 1133 1157 1190 ἀντὶ
1171 1138 1215 1192 τοῦ
1229 1133 1352 1193 έκύκλουν
1366 1137 1392 1201 ἐς
1402 1136 1487 1214 δλίγον
1501 1137 1609 1217 χοιρίον.
1625 1173 1667 1183 -
1679 1158 1702 1200 ο,
1722 1140 1770 1200 Κοὶ

135 1253 160 1290 10
174 1231 276 1311 μοιρία,
291 1230 320 1288 τδ
336 1227 401 1305 μετίι
415 1228 520 1285 πολλῶν
532 1225 672 1304 ἰσομοιρεῖν
686 1227 736 1281 τῶν
749 1226 845 1282 κακῶν.
857 1247 889 1258 -
901 1218 952 1298 Τό]
994 1219 1166 1298 πεντήκοντα]
1193 1220 1312 1301 περιττός
1329 1225 1343 1279 ό
1363 1221 1409 1280 καί
1430 1221 1583 1300 σύνδεσμος,
1604 1260 1646 1270 -
1668 1225 1716 1286 Ἐν
1737 1231 1769 1284 ,ὦ
1782 1239 1800 1277 ιο

173 1310 248 1378 ιίναι.
263 1354 294 1365 -
306 1316 344 1376 Τέ
357 1316 413 1392 καί]
428 1312 568 1380 ἐδοξάζετο.
586 1350 617 1363 -
630 1311 743 1391 ἰλφῖκτο]
756 1309 786 1368 τὸ
796 1307 948 1389 στράτευμα
994 1307 1113 1387 τοιούτῳ]
1125 1310 1209 1388 καιρῷ
1221 1307 1348 1380 δηλονότι,
1362 1343 1403 1355 -.
1416 1330 1439 1370 4.
1452 1310 1640 1382 Xveanoe'mg
1655 1314 1716 1394 γάρ]
1727 1287 1769 1372 ω’,

172 1404 300 1476 δηλονότι.
312 1437 344 1452 -
358 1424 378 1463 7.
390 1405 437 1480 ’ίῷ
448 1398 597 1473 Ἑλληνικῷ
610 1397 798 1477 στρατεύματι]
820 1398 867 1454 οὐκ
881 1400 948 1451 ‹Im-
994 1393 1159 1474 στραφέντες.
1170 1429 1211 1438 -
1224 1416 1245 1455 ι.
1261 1394 1316 1455 Καί
1328 1397 1357 1454 οδ
1373 1396 1508 1477 ίυσταδόν]
1519 1399 1600 1477 ἤγουν
1612 1402 1644 1458 ἐκ
1654 1407 1698 1459 τοῦ
1708 1403 1770 1472 πλη·

172 1491 255 1557 θάνως
276 1493 439 1570 περιαιροῦσι
459 1484 489 1543 τὸ
508 1484 599 1564 ἄρθρον
618 1487 647 1542 ἐκ
668 1489 713 1542 τοῦ
739 1486 777 1563 τῷ
802 1481 951 1559 Ἑλληνικῷ
995 1479 1769 1569 ⁶4⁰⁹·-K01IIX0‘vtffirlvtcssyt'vstowxavma<

172 1576 348 1658 στρατεύματι
370 1573 486 1656 ἐγένετο,
509 1575 544 1639 ὡς
563 1570 663 1637 οὐδενός
684 1570 840 1643 Ἑλληνικοῦ
864 1591 946 1644 στρα·
994 1566 1073 1638 οὗσης
1092 1572 1138 1639 τῆς
1159 1569 1317 1648 εὐπραγίας,
1337 1571 1385 1628 οῦκ
1398 1568 1536 1629 δόούλοντο
1557 1574 1769 1646 ἀποκινδυνεύειν,

136 1674 158 1719 ιθ
171 1665 299 1745 τιύματος
315 1671 341 1727 ἐν
354 1662 468 1741 τοσαύτη
486 1657 619 1737 μεταύολῇ
640 1656 781 1734 γεγονότος.
794 1689 824 1698 -
839 1654 949 1715 Παυῦα-
996 1653 1053 1711 ἀλλ’
1068 1653 1183 1734 ἐφείδετο
1194 1655 1271 1722 αὐτός
1284 1679 1322 1723 τις
1337 1659 1443 1728 ἑαυτοῦ,
1456 1655 1521 1724 &m
1535 1658 1574 1736 μὴ
1589 1665 1769 1742 προοναχωφχ.
1781 1677 1799 1714 ιν

171 1756 235 1833 τῶν]
246 1752 340 1825 ναύτης
349 1751 366 1823 ἤ
376 1749 544 1820 §menim-
554 1743 734 1827 Προσχόντας]
745 1740 909 1823 ἐφιστάντας.
995 1763 1047 1800 ναι.
1062 1740 1203 1814 τουτέστιν,
1217 1741 1333 1819 ίνόμιζον
1347 1742 1393 1800 καί
1407 1742 1475 1802 οῦτοι
1487 1744 1619 1826 λῆψεσθαι
1631 1747 1692 1814 τοῦς
1704 1748 1769 1819 Ἀθη·

211 1844 339 1903 LXXVI.
362 1840 411 1905 Ὡς
421 1841 450 1897 ἐκ
460 1840 511 1894 τῶν
525 1832 708 1913 ὑπαρχόντων]
719 1833 750 1889 ἐκ
762 1834 814 1889 τῶν
826 1831 950 1887 δυνατῶν.
994 1827 1095 1900 ναίους,
1103 1828 1184 1909 χωρίς
1190 1834 1236 1887 τοῦ
1244 1829 1318 1887 αὐτοί
1326 1834 1597 1910 προαναλωθῆναικαί
1605 1836 1768 1894 κινδυνεῦσαι

213 1931 353 1990 LXXVII.
375 1925 437 1986 Ἔτι
453 1924 498 1982 καί
516 1925 546 1980 ἐκ
563 1925 614 1978 τῶν
633 1918 780 1999 παρόντων]
797 1920 952 1993 θαυμαστῶς
994 1949 1034 1961 -
1047 1916 1141 1994 Ταύτῃ
1155 1921 1188 1997 τῇ
1201 1917 1268 1998 ἰδέᾳ]
1281 1917 1359 1996 ἤγουν
1371 1918 1455 2000 τούτῳ
1468 1923 1506 2000 τῷ
1520 1921 1611 2002 τρόπον
1622 1927 1669 1994 τῆς
1681 1924 1768 2002 μάχης,

173 2017 335 2096 ἐστοχάσατο
349 2013 394 2072 καί
410 2017 456 2070 τοῦ
475 2013 565 2089 καιροῦ
578 2006 624 2065 καί
632 2010 683 2063 τῶν
696 2003 868 2085 περιεχόντων
883 2024 952 2080 πρα-
1036 2005 1178 2064 LXXXII.
1203 2003 1384 2084 Πανταχόθεν]
1403 2005 1483 2083 ἤγουν
1505 2008 1649 2068 κύκλωθεν.
1668 2045 1708 2055 -
1727 2011 1770 2077 Ὣς

133 2119 160 2159 ου
173 2104 280 2182 γμάτων
292 2105 357 2180 ἐντῇ
369 2091 654 2176 παρακελεύσει,*οὖδί
667 2089 911 2172 προοιμιασάμενος.
920 2121 952 2138 ι-
995 2097 1072 2172 σφᾶς]
1087 2091 1166 2168 ἤγουν
1181 2091 1216 2157 εἰς
1229 2090 1289 2159 τοὺς
1304 2093 1504 2174 Συρακουσίους.
1778 2117 1799 2155 νο

172 2212 194 2250 ε.
207 2191 275 2251 Ἀλλ’
284 2194 361 2270 δρᾶτε
372 2186 421 2262 δῆ,
434 2189 469 2252 ὡς
488 2181 664 2259 διάκειμαι...]
676 2178 705 2237 τί)
722 2176 770 2255 μίν
782 2205 793 2229 ι
804 2176 861 2234 ἀλλ’
875 2180 951 2256 δρᾶτε
1035 2180 1191 2239 LXXXIII.
1204 2199 1227 2239 ι.
1249 2180 1305 2252 Τῆς
1314 2179 1404 2247 νυκτὸς
1417 2180 1578 2261 φυλάξαντες
1589 2182 1619 2241 τδ
1633 2184 1767 2262 ἡσυχάζοι]

173 2277 205 2351 δὴ
217 2281 252 2344 ὡς
262 2276 396 2353 διάκειμαι
408 2273 515 2341 ὑπὸτῆς
527 2270 602 2327 νόσου
611 2296 623 2318 ι
637 2265 680 2325 διά
695 2264 774 2343 μέσου
784 2268 877 2323 κεῖται.
888 2262 952 2344 φησί
996 2265 1053 2323 καθ’
1067 2264 1081 2324 θ
1098 2265 1213 2342 μάλιστα
1225 2271 1271 2336 τῆς
1285 2267 1375 2332 νυκτδς
1383 2267 1491 2344 ἔμελλον
1504 2272 1528 2328 οῖ
1539 2269 1663 2347 πολέμιοι
1676 2273 1768 2352 ἦσυιά·

174 2365 201 2423 δέ
222 2365 275 2437 δτι,
301 2361 401 2428 οὐδενὸς
423 2363 496 2436 ὑμῶν
517 2355 576 2415 οὔτε
599 2352 702 2431 σώματι
722 2349 886 2432 ἰσχυρότερος
903 2348 951 2428 ὢν,
996 2355 1057 2420 ζειν.
1078 2387 1118 2400 -
1137 2373 1159 2412 ι.
1174 2352 1330 2427 Κατέθεντο]
1344 2351 1378 2413 τά
1392 2353 1471 2416 δπλα.
1488 2393 1515 2407 -
1529 2348 1611 2417 Οὗτοι
1625 2357 1654 2417 δ]
1668 2359 1710 2417 διὰ
1723 2364 1768 2418 τῶν

174 2455 261 2533 (δρᾶτε
272 2449 323 2529 γίιρ
334 2453 368 2514 ὡς
383 2445 516 2522 διάκειμαι
524 2445 541 2518 ,ψ
561 2440 620 2501 οὔτε
635 2438 740 2519 εὐτυχία]
757 2439 823 2504 τινδς
838 2440 951 2516 ὑστερῶν
996 2439 1118 2520 φυλάκων
1142 2439 1309 2521 βιασάμενοι]
1331 2441 1410 2519 ἤγουν
1427 2443 1571 2510 διελθόντες
1587 2443 1649 2513 τοῦς
1662 2445 1770 2527 φύλακας

133 2559 159 2599 τι
176 2539 245 2598 κατά
260 2562 286 2595 τε
299 2539 342 2596 τὸν
359 2533 488 2593 ίδιωτικδν
505 2530 560 2610 βίον
572 2529 617 2587 καί
636 2527 704 2585 κατὰ
725 2526 771 2596 τῆν
792 2529 844 2584 τῶν
861 2529 952 2583 κοινῶν
996 2525 1042 2585 σὺν
1059 2526 1115 2608 βίῳ,
1779 2547 1799 2585 ,,

175 2627 344 2708 προστασίαν,
363 2629 407 2681 νῦν
426 2624 452 2679 ἐν
472 2619 521 2699 ίσῳ
537 2617 646 2696 κινδύνῳ
662 2614 809 2685 καθέστηκα
823 2610 909 2694 ῶςπερ
927 2618 951 2673 σί
1036 2617 1191 2675 LXXXIV.
1213 2634 1235 2676 ε.
1257 2614 1319 2675 Ἐπ’
1343 2617 1424 2698 αὐτῷ]
1448 2615 1529 2696 ἤγουν
1548 2619 1614 2700 παρ’
1637 2621 1716 2702 αὐτῷ
1736 2656 1770 2666 -

175 2711 340 2794 φαυλότατοι.
364 2743 396 2754 -
419 2710 483 2772 Τοῖς
507 2703 688 2786 φαυλοτάτοις]
712 2700 852 2779 θγεννέσιν,
874 2700 952 2779 ἤγουν
997 2700 1375 2780 Σκιιίιαιν]8νςλοις,..ογδ]
1387 2704 1768 2790 γμπαχασσγμξῃωτγρχω,

175 2798 318 2880 ἀνάνδροις.
334 2842 366 2856 ..
379 2792 473 2854 Πολλά
486 2791 532 2869 μὲν
548 2794 573 2858 ἐς
585 2789 656 2856 θεοὺς
672 2787 771 2866 νόμιμα
786 2787 952 2868 δεδιῆτημαι]
997 2788 1054 2848 ἀντὶ
1065 2794 1110 2848 τοῦ
1123 2789 1311 2867 ἐμπλεκόμενοι
1325 2789 1495 2851 κατέπιπτον.
1512 2792 1650 2870 ψέτοίμως
1663 2793 1769 2853 Imm,

174 2886 231 2946 ἀντί
243 2892 288 2945 τοῦ
297 2882 383 2943 πολλὰ
395 2887 431 2949 εἰς
442 2885 505 2940 θεῶν
520 2878 598 2956 τιμῆν
611 2876 786 2949 ἐπετῆδευοα,
798 2875 953 2936 πεπολίτευ-
995 2910 1036 2922 -
1049 2896 1071 2937 ο.
1089 2877 1144 2937 Καί
1162 2875 1343 2958 περιμάχητον
1356 2867 1389 2949 ἤν
1403 2881 1456 2944 τοῖς
1468 2878 1587 2958 πολλοῖς]
1602 2880 1683 2958 ἤγων
1693 2904 1768 2941 ονιον.

99 3014 102 3024 .
134 2989 161 3031 ου
175 2999 223 3048 μαι
236 2974 360 3052 νομίμως.
374 2965 651 3048 -3.Θαρσεῖα]σίντί
664 2971 709 3023 τοῦ
730 2962 872 3044 θαρσαλέα·
894 2968 953 3024 άνε-
997 2963 1143 3023 δαιότατον.
1778 2986 1800 3022 ,,

174 3060 340 3140 παίσιυντοι
354 3104 386 3118 -
399 3058 439 3117 Οὐ
456 3053 515 3114 κατ’
529 3052 602 3121 ἀξίαν
621 3051 663 3123 δή]
683 3049 751 3109 ἀλλὰ
764 3051 885 3128 μειζόνως
903 3054 953 3122 δη·
1037 3053 1180 3113 LXXXV.
1210 3055 1266 3112 Τοῦ
1292 3049 1359 3124 δὲ...]
1380 3056 1426 3110 τοῦ
1452 3051 1479 3111 δὲ
1500 3053 1680 3134 διαφυγόντος,
1705 3083 1736 3099 -
1751 3077 1769 3114 ν

174 3147 307 3208 λονότι.·-
319 3143 482 3223 Ἑύτύχηται]
491 3141 569 3219 ἤγουν
580 3139 637 3217 μετ’
644 3137 764 3217 εὐτυχίας
774 3137 952 3219 κατώρθωται.
995 3137 1095 3206 Ὅσους
1116 3137 1153 3216 μῆ
1172 3138 1369 3220 ἀπεκρύψαντο]
1385 3138 1460 3206 δσαυς
1471 3141 1572 3212 δηλαδὴ
1589 3142 1627 3220 μὴ
1642 3145 1770 3226 &Q

173 3282 205 3298 ..
226 3235 389 3316 Ἑπίφθονοι]
413 3228 536 3306 μεμπτοί.
561 3257 593 3271 ·-
616 3223 819 3306 ’Λποχριύντως]
844 3228 953 3300 ἱκανῶς,
997 3228 1020 3282 οί
1036 3225 1219 3306 Συρακούσιοι.
1231 3261 1271 3271 -
1284 3247 1307 3287 ο.
1324 3226 1379 3286 Καί
1390 3226 1573 3307 κατεπλήσθη]
1576 3232 1713 3384 χρχίφιται
1725 3234 1770 3290 διε·

1562 3339 1578 3375 ο

176 3323 329 3405 ἀρκούντως.
343 3339 407 3377 -ι,
423 3315 591 3397 Ἀνθρώπεια]
604 3311 655 3371 όσα
668 3311 836 3393 προςῆκειτῇ
852 3316 954 3394 ἀνθρω-
996 3312 1111 3384 πλῆσθη.
1127 3330 1203 3371 -ι,
1218 3313 1346 3378 Πλεῖστος
1359 3312 1409 3393 γὰρ
1423 3312 1456 3385 δὴ
1469 3314 1545 3394 φόνος
1638 3318 1720 3395 μη]
1731 3323 1771 3378 τ,η

135 3429 162 3471 ιι
175 3409 236 3490 πιίῳ
248 3400 660 3491 φύσει.-οίκτου...ἤφθόνου]
674 3398 806 3478 Πινδάρου
822 3407 911 3472 [Ργιῖι.
929 3422 953 3474 ι,
997 3403 1063 3462 πολὺ
1077 3401 1173 3462 πλείων
1195 3408 1272 3463 τοῦτο
1288 3403 1437 3464 ἀκουστέον.
1457 3404 1580 3488 οὐδὲγάρ
1602 3407 1680 3487 ἐγγὺς
1693 3411 1720 3467 ἐν
1739 3413 1801 3490 ‘V‘

177 3500 240 3567 1⁰⁴1,
264 3522 276 3548 ι
298 3493 434 3574 Κρείσσων
456 3494 590 3571 οἰκτιρμοῦ
606 3486 704 3569 φθόνος.
723 3513 781 3538 ν-
798 3483 836 3546 Ἦ
850 3487 952 3568 φθόνου]
998 3493 1129 3571 Σικελικῷ
1152 3489 1261 3570 πολέμῳ
1284 3496 1406 3558 τοσοῦτος
1427 3491 1504 3559 ἄλλος
1525 3493 1601 3574 φόνος
1626 3494 1735 3572 ἐγίνετο,
1756 3499 1771 3572 ς

176 3583 306 3667 μέμφεως.
321 3617 352 3629 -
365 3572 425 3640 Οἶοι
438 3581 543 3639 ὁπλῖται
554 3575 610 3652 ἅμα
622 3574 667 3632 καὶ
681 3572 736 3632 δσοι
748 3596 819 3633 συντ.
832 3576 953 3654 χωρεῖτε]
998 3576 1077 3655 Ἐμοί
1089 3574 1117 3635 δὲ
1127 3574 1246 3657 φαίνεται
1259 3575 1417 3657 γεγράφθαι,
1428 3577 1473 3636 καί
1486 3579 1588 3648 οὐδενὸς
1598 3581 1718 3642 Mem
1728 3587 1772 3642 νῦν

176 3670 354 3740 ύπῆλλακται,
376 3665 432 3723 ἀντί
455 3671 500 3723 τοῦ
521 3662 581 3729 τοὺς
598 3660 705 3726 ὁπλίτας
723 3660 768 3718 καί
788 3659 846 3727 τοὺς
865 3683 954 3720 συντε-
998 3666 1025 3722 ἐν
1040 3668 1077 3745 τῷ
1091 3663 1241 3743 Ἑλληνικῷ
1251 3662 1360 3744 πολέμῳ
1374 3663 1485 3740 ἐγένετο.
1498 3664 1568 3744 λέγει
1580 3665 1633 3748 γάρ
1644 3669 1722 3736 αὐτὸς
1736 3667 1772 3727 ον]

176 3755 320 3835 ταγμένους
337 3758 484 3832 χωροῦντας
504 3749 541 3828 μὴ
558 3751 779 3828 καταπεπλῆχθαι
797 3747 875 3808 πάνυ.
892 3749 956 3809 αὐτό
997 3750 1065 3810 τελει
1083 3752 1157 3821 τῆςδε
1180 3754 1228 3820 τῆς
1240 3750 1355 3832 ἱστορίας
1374 3751 1406 3829 [ο.
1428 3753 1646 3826 ⁸71«vaun
1659 3755 1772 3816 τῶωμ

135 3861 162 3899 ιο
177 3868 206 3922 γε
215 3843 267 3920 μὴν
278 3841 308 3900 τὸ
321 3839 357 3916 μῆ
368 3840 587 3916 καταπεπλῆχθαι
599 3834 651 3894 ἀπὸ
662 3841 746 3894 κοινοῦ
754 3836 769 3865 *
780 3840 825 3892 τοῦ
838 3835 912 3902 είκός.
924 3873 955 3883 -
998 3835 1270 3918 ἐργοντθἙλληνικδν
1276 3841 1328 3896 τῶν
1335 3837 1571 3916 κατίιτθνπόλεμον
1579 3840 1772 3920 τάνδιμέγιοοον
1782 3851 1804 3888 ιο

179 3928 346 4010 Ἱδρυθέντας]
374 3926 453 4002 ἤγουν
479 3922 580 3995 οίκησιν
605 3920 743 3999 ἀδιάδοχον
772 3919 892 3999 σχόντας.
920 3956 953 3968 ·-
997 3922 1208 4002 γενέσθαι,δοκεῖ
1216 3922 1244 3981 δί
1254 3924 1350 4000 μοικαί
1358 3915 1394 3983 ῶν
1405 3923 1568 3996 Ἑλληνικῶν
1580 3927 1772 4006 ίσμεν.»ίοιιιιι

178 4014 389 4085 Ἐξαναστῆσειε]
420 4010 596 4089 μετοικίοειεν.
626 4046 657 4058 -
679 4027 699 4066 ο.
734 4007 779 4066 Ἑν
798 4011 836 4089 τῷ
858 4011 954 4090 ἐχυρῷ]
999 4002 1043 4069 οῦν
1054 4014 1186 4069 κάνταῦθα
1197 4009 1234 4086 μὴ
1248 4008 1334 4087 μόνοις
1346 4013 1398 4078 τοῖς
1409 4014 1772 4085 Σικιλικοῖς,ἀλλὰιιᾶοιςοῐς

180 4105 299 4185 ἀσφαλεῖ.
312 4137 344 4152 -
353 4122 376 4161 7.
391 4100 430 4160 Τὸ
442 4098 468 4158 δέ
483 4097 596 4175 ξύμπαν]
610 4095 640 4153 τό
652 4093 679 4152 δέ
693 4091 808 4155 σύνολον.
999 4097 1177 4168 Ἑλληνικοῖς,
1191 4096 1365 4166 ἀντεξετάζειν
1378 4097 1425 4170 τῆν
1440 4122 1472 4158 συ
1528 4100 1585 4180 ράυ,

218 4190 373 4253 LXXVIII.
386 4208 408 4249 υ.
424 4187 478 4248 Καί
495 4184 664 4266 τρεψάμενοι]
684 4185 708 4241 οί
722 4181 860 4253 Ἀθηναῖοι.
874 4218 915 4229 -
932 4203 955 4244 ι.
1039 4185 1193 4243 LXXXVI.
1215 4202 1236 4241 α.
1258 4183 1470 4265 Ἀσφαλεστιίτην
1485 4209 1551 4244 εναι
1564 4187 1719 4263 νομίσαντες
1730 4188 1773 4259 τῆ·

138 4294 165 4333 ιι
179 4278 300 4355 Ἄπεδον]
310 4276 421 4355 ὁμαλὸν,
433 4274 569 4351 όμόπεδον,
581 4276 616 4338 ὡς
627 4271 672 4330 καί
682 4270 804 4349 άλοχσςῆ
819 4269 953 4351 όμύλεχος,
1001 4266 1088 4353 ρηοιι]
1102 4269 1181 4347 ἤγουν
1195 4269 1325 4349 ῳολοχνψν,
1343 4303 1385 4316 ...
1397 4270 1466 4339 Τοὺς
1477 4271 1528 4353 γὰρ
1542 4273 1572 4330 γ,
1585 4276 1635 4344 τῆς
1644 4274 1725 4347 „m
1736 4278 1775 4335 ἄ,
1785 4289 1806 4326 ,,

181 4401 220 4413 ..
233 4386 254 4424 ι.
270 4357 455 4445 ’λπετείχιζον]
470 4359 580 4442 σκέψαι,
594 4363 649 4425 πῶς
662 4362 758 4439 χρῆται
772 4362 804 4437 τῇ
816 4357 881 4417 ἀπό·
897 4362 957 4416 ἐπι-
1001 4360 1107 4439 δρας...]
1121 4357 1151 4415 τὸ
1165 4355 1237 4428 ἑξῆς,
1251 4357 1436 4437 προῦθομήθη,
1455 4356 1519 4426 &a
1534 4360 1678 4440 49305242,
1691 4363 1777 4429 πίω,

179 4455 290 4518 τατικῶς
299 4450 359 4530 γάρ.
372 4483 412 4493 -
420 4467 443 4510 7.
454 4447 623 4527 ’λποχωρεῖν]
636 4445 841 4503 ἀποσκίδνασθαι
851 4445 903 4502 σἰπδ
912 4451 957 4504 τοῦ
1000 4443 1046 4510 τδις
1055 4444 1167 4510 σπονδάς
1179 4443 1237 4511 τοδς
1246 4443 1393 4515 Ἀθηναίους
1402 4445 1569 4516 ποιήσασθαι.
1584 4471 1657 4510 -ι,
1672 4451 1725 4510 Διὰ
1734 4451 1777 4522 ι-ἦν

181 4536 383 4622 στρατεύματοςι
402 4539 448 4595 οὔκ
461 4527 493 4607 ἤν
509 4533 653 4604 έπιτῆδειον
670 4535 826 4614 ἀποχωρεῖν,
840 4531 958 4592 κωλυόν·
1001 4530 1188 4609 νενομισμένην
1205 4532 1381 4610 ἐπιτήδευσιν]
1401 4530 1444 4592 διά
1464 4531 1512 4604 τὴν
1531 4543 1623 4595 πᾶσαν
1644 4540 1670 4605 l<
1689 4539 1777 4618 ἀμνὴν

181 4652 232 4688 των
246 4630 298 4687 τῶν
312 4623 422 4684 ἱππέων·
1001 4618 1187 4695 νενομισμένην
1202 4618 1375 4690 ἐπιτήδευσιν.
1389 4618 1433 4676 διά
1446 4617 1476 4677 τὸ
1489 4629 1577 4679 πᾶσαν
1591 4622 1689 4704 αρετῆν
1707 4624 1778 4702 νομί.

143 4738 170 4777 ιο
222 4716 348 4776 LXXIX.
374 4711 505 4790 Ἄραντες]
534 4707 591 4765 ἀντὶ
618 4710 665 4764 τοῦ
689 4705 841 4775 κινηθέντες.
871 4743 909 4753 -
936 4727 958 4767 α.
1003 4729 1056 4782 μως
1071 4705 1304 4777 ἐπιτετηδευκέναι.
1322 4707 1352 4763 οὐ
1366 4704 1462 4786 γάρδῆ
1476 4730 1506 4784 γι
1519 4712 1810 4792 νονομιογνζνηνᾶμ.ιο

184 4807 332 4863 Διικνοῦντο
346 4798 408 4879 γάρ]
428 4796 485 4854 ἀντὶ
499 4800 544 4854 τοῦ
557 4793 699 4862 ἐξικνοῦντο
716 4793 863 4873 βάλλοντες.
882 4829 922 4841 -
935 4815 957 4857 ο.
1001 4791 1049 4863 τῆν
1062 4790 1109 4862 τὴν
1122 4791 1247 4850 δοκοῦσάν
1262 4815 1337 4872 φησι.

186 4890 265 4948 Φιλεῖ
277 4888 418 4966 γίγνεσθαι]
431 4887 460 4942 ἐκ
474 4881 622 4963 περιουσίας
638 4886 713 4940 τοῦτο
726 4879 918 4960 προςέρῤιπται.
1043 4882 1214 4941 LXXXVII.
1235 4881 1366 4947 Χαλεπῶς
1379 4878 1439 4946 τοῦς
1454 4880 1572 4960 πρώτους
1584 4883 1694 4963 χρόνους
1707 4907 1778 4963 μην.

225 4977 343 5034 LXXX.
366 4969 523 5033 Τοῦναντίον
547 4966 564 5038 ἤ
588 4971 612 5026 οί
633 4967 816 5048 Συρακούσιοι]
837 4967 895 5026 ἀντὶ
913 4973 959 5026 τοῦ
1002 4966 1129 5048 χείρισαν]
1146 4967 1224 5043 ἤγουν
1235 4966 1292 5034 τοὺς
1303 4966 1421 5048 πρώτους
1431 4968 1538 5048 χρόνους
1551 4973 1676 5049 χολννςῶς
1688 4977 1777 5052 mnf.

189 5061 262 5141 ἤπερ.
280 5094 316 5105 --
335 5081 357 5120 ε.
374 5059 413 5119 Τό
426 5057 519 5135 ἤμισυ]
531 5055 648 5128 δηλονότι
659 5060 704 5114 τοῦ
724 5054 827 5121 παντός.
844 5089 874 5100 -·
888 5055 958 5136 Ἄφι-
978 5010 983 5101 ί
1002 5077 1060 5115 πον.
1075 5089 1112 5099 -
1127 5053 1326 5136 Πετεχείρισαν]
1341 5054 1422 5134 ἤγουν
1435 5055 1617 5136 ᾠκονόμηται.
1633 5093 1673 5106 --
1684 5061 1738 5122 Καὶ
1752 5062 1775 5118 ι]
