3676 5828
661 344 852 407 ursaonae
871 343 940 404 nra.
962 299 1019 422 v1',
1041 355 1195 409 ιιι-ιε.
1673 365 1730 418 ιιι

122 475 187 557 πρδτ
205 475 233 534 δί
254 473 312 541 τοὺς
325 472 459 554 πρὲσόεις,
478 473 524 532 καί
537 475 562 540 ές
575 471 609 531 ed
623 472 764 554 περιπόλια
781 471 816 531 τά
831 475 857 532 έν
872 475 906 552 τῇ
952 483 978 529 et
989 481 1014 530 iu
1029 481 1139 544 castella,
1152 495 1207 544 quas
1218 482 1243 531 in
1254 482 1349 546 regione
1360 485 1514 537 circumcirca
1529 491 1611 550 erant,
1623 489 1733 552 presldla

123 567 200 644 χώρη
221 561 334 643 φρουράς
355 559 504 638 ἰσεκόμιξον
524 560 558 620 τά
575 583 604 619 τε
625 562 652 618 ἰν
671 564 705 641 τῇ
722 559 798 620 πολει
818 559 906 619 ὅπλων
951 567 1125 631 immittebant,
1135 573 1160 618 et
1168 582 1223 632 qnae
1232 569 1294 619 intra
1308 571 1391 621 urbem
1400 577 1481 634 erant,
1491 573 1512 624 si
1521 574 1631 626 absolma
1639 579 1734 638 essent,

124 650 240 718 ἐξετάσει
249 648 295 707 καί
306 647 394 706 ἵππων
404 646 530 706 ἐσκόπουν
539 649 561 705 εί
573 649 664 718 έντελῆ
676 646 755 719 ἐστίν,
766 646 812 706 καί
822 638 907 706 τάλλα
951 653 1121 716 explorabant,
1134 660 1286 706 recensentes
1297 670 1364 707 arma
1375 662 1400 708 et
1411 672 1502 722 equos,
1517 665 1541 711 et
1557 666 1636 712 cetera
1647 664 1733 714 consti.

124 742 161 804 ῶς
174 736 219 795 ἐπὶ
231 737 309 815 ταχεῖ
321 735 428 816 πολέμῳ
442 735 488 793 καὶ
502 734 561 794 ὅσον
575 736 604 794 οὔ
615 733 726 816 παρόντι
740 734 905 795 καθίσταντο.
950 740 1097 803 tuebant,nt
1106 742 1131 791 in
1141 743 1280 792 imminente
1289 748 1313 793 et
1323 747 1416 794 mutum
1426 747 1654 812 nonjamprsesente
1661 749 1732 800 bello.

165 826 269 885 XLVI.
291 825 327 882 At
345 821 367 881 δ’
386 825 416 880 έκ
433 827 480 892 τῆς
496 821 623 899 Ἐγέατης
642 825 709 903 τρεῖς
726 826 784 893 νῆες
800 825 828 880 αἱ
842 821 908 902 πρό-
981 839 1065 886 xnvl.
1081 837 1133 887 lllre
1144 849 1200 887 vero
1211 842 1261 890 tres
1272 841 1435 902 praecursorius
1448 856 1521 893 naues
1536 844 1567 893 ab
1577 848 1663 907 Egesta
1675 845 1734 896 ube

124 913 187 970 πλοι
201 908 406 991 παραγίγνονται
423 912 475 976 τοῖς
485 909 628 980 Ἀθηναίοις
642 912 667 976 ές
682 909 712 968 τδ
724 909 841 987 Ῥήγιον,
856 912 907 989 ἀγ·
951 923 1016 984 mum
1027 923 1059 972 ad
1068 925 1227 975 Athenienses
1238 925 1400 988 aduenemnt,
1410 932 1436 979 et
1449 930 1614 980 renuntIarunt
1629 937 1734 983 ceteram

124 997 311 1075 γελλουσαιὸτι
320 989 457 1073 τάλλαμέν
467 999 514 1056 οὐκ
524 996 580 1055 ἔστι
588 997 716 1080 χρήματα
727 996 906 1076 θίνπέσχοντο,
951 1010 1049 1072 quidem
1067 1013 1206 1074 pecuniam,
1223 1026 1296 1076 quam
1312 1015 1482 1077 promiserant,
1496 1017 1588 1067 nullam
1605 1031 1673 1080 esse,
1690 1018 1734 1069 ssd

125 1086 265 1167 τριάκοντα
287 1084 314 1143 δέ
337 1084 455 1143 τάλαντα
478 1084 545 1162 μόνα
572 1083 700 1165 φαίνεται.
754 1086 784 1161 (a)
808 1083 862 1145 Aut
883 1088 907 1144 οἱ
951 1100 1045 1147 tantum
1059 1099 1156 1161 telginta
1171 1100 1393 1164 talentaapparere.
1426 1104 1460 1165 (2)
1472 1109 1550 1167 Atque
1566 1105 1639 1156 duces
1652 1105 1734 1156 statim

125 1172 269 1254 στρατηγοί
283 1171 356 1238 εὐθὺς
372 1175 398 1231 έν
416 1170 514 1252 ἀθυμία
532 1161 610 1243 ήσαν,
624 1169 664 1230 ότι
683 1172 770 1237 αὐτοῖς
785 1170 864 1230 τοῦτό
879 1194 907 1229 τε
951 1185 1045 1235 animos
1070 1184 1217 1248 despondere
1237 1194 1374 1251 caeperunt,
1396 1191 1461 1253 quod
1481 1192 1511 1241 iis
1527 1195 1552 1241 et
1567 1192 1613 1242 boe
1628 1194 1734 1255 primum

126 1264 231 1342 πρῶτον
248 1257 442 1338 ἀντεκεκρούκει
455 1258 500 1316 καὶ
514 1261 538 1316 οἱ
552 1257 671 1336 Ῥηγῖνοι
683 1261 730 1317 οὐκ
741 1257 908 1329 ἐθελήσαντες
952 1278 1039 1334 praeter
1059 1276 1262 1337 exspectationem
1286 1276 1437 1328 incommode
1460 1279 1599 1341 cecidisset,
1621 1279 1735 1343 quodque

126 1347 317 1429 ξυστρατεύειν,
332 1346 374 1412 οθς
388 1349 490 1427 πρῶτον
504 1345 615 1427 ἤρξαντο
629 1346 726 1404 πείθειν
737 1346 782 1405 καλ
797 1345 865 1412 silei<
876 1337 908 1417 ἦν
951 1359 1052 1421 ltbegini
1070 1374 1118 1409 uns
1130 1374 1212 1410 seeum
1228 1363 1331 1413 militare
1341 1365 1531 1428 recusavissent,
1547 1366 1635 1429 quibus
1650 1367 1735 1431 primis

128 1437 260 1514 μάλιστα,
273 1435 417 1496 Λεοντίνων
429 1458 457 1492 τε
475 1433 602 1512 ξυγγενεῖς
615 1433 691 1501 ὄντας
704 1433 749 1494 καί
765 1432 852 1515 cpiam
867 1432 908 1491 ἀεὶ
952 1446 1052 1497 suadere
1064 1452 1198 1511 creperant,
1208 1456 1234 1498 et
1242 1451 1347 1500 maxime
1358 1451 1471 1504 credibile
1480 1453 1614 1516 ridebatur,
1624 1454 1689 1517 quod
1697 1466 1734 1506 es·

127 1522 296 1594 ίπιιηδείους.
340 1521 394 1582 Καὶ
408 1525 445 1602 τῷ
460 1519 507 1598 μὲν
520 1520 602 1601 Νικίᾳ
615 1520 817 1602 προσδεχομένῳ
831 1512 863 1593 ήν
875 1519 908 1578 cd
952 1538 1005 1582 sent
1014 1534 1182 1584 Leontinorum
1196 1538 1416 1598 mgrrutieteornm
1426 1552 1519 1603 semper
1530 1541 1643 1591 studiosi.
1692 1546 1735 1592 At·

126 1610 201 1692 παρὰ
214 1614 266 1668 τῶν
282 1608 451 1687 Ἐγεσταίων,
465 1610 519 1667 τοῖν
534 1607 561 1666 δέ
573 1607 669 1688 ἑτέροιν
684 1609 731 1666 καὶ
745 1607 907 1688 ἀλογώτερα.
952 1634 999 1684 que
1007 1622 1081 1671 Niciae
1090 1622 1186 1684 quidem
1195 1624 1248 1673 nac
1255 1627 1562 1690 exspectantiabligestnis
1570 1629 1734 1692 contigerunt,

128 1699 161 1773 (a)
175 1700 211 1758 Οἱ
225 1696 253 1755 δὲ
265 1697 413 1773 Ἐγεσταῖοι
424 1693 522 1753 τοιόνδε
538 1719 562 1753 τι
578 1693 645 1763 έξετε
658 1695 779 1774 ,νήσαντο
792 1695 852 1754 τότε
866 1694 908 1754 dre
952 1707 1050 1757 duobus
1066 1723 1123 1760 vero
1137 1710 1235 1773 reliquis
1248 1712 1285 1760 sel
1301 1713 1406 1764 maxime
1422 1719 1508 1777 preter
1523 1716 1666 1778 opinionem.
1699 1717 1734 1780 (³)

127 1788 152 1844 ol
166 1789 265 1865 πρῶτον
279 1783 400 1864 πρέσθεις
413 1786 464 1841 τῶν
480 1781 620 1853 Ἀθηναίων
631 1718 709 1854 ήλθον
724 1785 809 1850 αὐτοῖς
823 1787 848 1849 ές
860 1782 908 1854 τήν
952 1797 1140 1858 Εμιναείεοῑειο
1149 1798 1286 1860 hujusmodi
1296 1800 1649 1867 lraudemexcogitaranttnne,
1659 1818 1735 1867 quum

128 1870 300 1941 κατασκοπήν
321 1873 373 1928 τῶν
398 1869 553 1949 χρημάτων.
594 1868 644 1936 ’θὶς
663 1893 692 1928 τε
709 1869 740 1928 τδ
760 1873 786 1928 ἕν
811 1869 909 1952 Ἔρυκι
953 1884 1023 1946 primi
1035 1885 1217 1935 Atheniensium
1226 1886 1297 1949 legati
1311 1901 1353 1937 eos
1364 1888 1473 1939 adierunt
1482 1891 1512 1939 ad
1528 1892 1735 1956 exploranduspe·

127 1959 198 2039 ίερδν
215 1963 262 2030 τῆς
282 1957 430 2039 ’λρροδίτης
450 1957 591 2036 ἀγαγόντες
611 1955 704 2024 αὐτούς
722 1957 855 2026 ἐπέδειξαν
875 1956 909 2016 τθι
952 1971 1041 2021 caulas.
1066 1971 1182 2022 Adductis
1196 1973 1242 2022 illis
1251 1973 1277 2023 ln
1292 1975 1392 2024 Veneris
1401 1976 1564 2041 lannm,quod
1575 1980 1735 2043 estinilryes,

129 2047 301 2123 ἀναθήματα,
322 2045 416 2126 ριοίλας
436 2068 464 2102 τε
482 2045 527 2104 καὶ
543 2043 661 2123 οἰνοχόας
680 2043 726 2103 καί
749 2044 908 2127 θυμιατήρια
953 2058 1110 2108 ostenderunt
1121 2060 1234 2119 donaria,
1247 2040 1340 2124 phialas
1355 2067 1379 2112 et
1395 2064 1479 2113 trullas
1495 2069 1520 2114 et
1536 2066 1658 2116 thuribula
1672 2072 1734 2118 cete⁴

128 2135 174 2192 καὶ
182 2134 265 2206 άλλην
275 2132 441 2203 κατασκευὴν
451 2130 628 2208 οθκδλίγην,θ
638 2131 700 2190 ὄντα
708 2134 809 2214 ἀργυρά
818 2134 909 2214 πολλῷ
953 2158 1052 2210 namque
1063 2160 1111 2195 non
1127 2160 1228 2209 paucam
1240 2149 1425 2211 supellectilem,
1442 2164 1498 2214 qnae
1508 2165 1583 2213 quum
1601 2158 1681 2203 essent
1698 2166 1734 2204 ur·

127 2221 212 2280 πλείω
227 2220 275 2292 τήν
288 2220 346 2299 ὄψιν
357 2220 402 2278 ἀπ’
414 2218 503 2298 ὀλίγης
515 2217 649 2296 δυνάμεως
659 2219 804 2300 χρημάτων
818 2220 910 2302 παρεί-
953 2238 1044 2295 gentes,
1053 2235 1121 2296 longe
1128 2236 1241 2297 maiorem
1249 2237 1353 2299 speeiem
1360 2239 1494 2301 praesigne
1501 2239 1577 2302 pretio
1583 2239 1734 2303 prebebunt;

128 2332 200 2389 χετο·
215 2309 261 2367 καὶ
275 2308 327 2387 ἰδίᾳ
342 2305 448 2375 ξενίσεις
458 2305 607 2384 ποιούμενοι
621 2309 672 2364 τῶν
683 2311 822 2388 τριηριτῶν
835 2307 869 2366 τά
880 2332 908 2367 τε
953 2325 1025 2383 atone
1034 2322 1106 2371 eliam
1116 2322 1227 2385 privatim
1239 2325 1346 2386 exceptis
1355 2325 1459 2388 bospitio
1471 2325 1533 2387 illis,
1544 2326 1587 2390 qui
1599 2326 1735 2378 amenius

129 2396 156 2464 ἐξ
175 2399 256 2468 αὐτῆς
269 2394 398 2474 Ἐγέστης
418 2394 564 2471 ἐκπώματα
578 2392 624 2452 καί
640 2403 727 2473 χρυσᾶ
744 2394 789 2453 καί
808 2397 910 2477 ἀργυρᾶ
953 2406 1048 2457 advecti
1059 2413 1140 2470 erant,
1151 2415 1176 2459 et
1186 2423 1215 2460 ex
1228 2411 1279 2472 ipsa
1291 2414 1378 2473 Egesta
1395 2425 1466 2462 aurea
1477 2416 1635 2476 argenteaque
1650 2413 1737 2476 poeula

131 2484 297 2554 ξυλλεξαντες
311 2482 357 2541 καὶ
370 2481 404 2540 τά
418 2485 448 2540 έκ
459 2487 511 2540 τῶν
526 2481 602 2561 ἐγγὺς
616 2481 717 2540 πολεων
727 2482 774 2541 καί
786 2487 909 2545 Φοινικι·
953 2495 1066 2557 collecta,
1085 2501 1109 2546 et
1125 2511 1156 2548 ex
1171 2498 1255 2548 ricinis
1272 2499 1412 2548 Plroenieum
1428 2502 1616 2564 Graemrnmqus
1635 2501 1736 2552 nimbus

130 2576 183 2632 κῶν
195 2571 241 2631 καί
256 2569 417 2640 Ἑλληνίδων
430 2569 601 2647 αἰτησόμενοι
611 2568 732 2651 έσέρερον
742 2573 767 2638 ἐς
776 2572 823 2640 τδις
837 2576 909 2630 ἐστι·
953 2588 1075 2646 conrogata
1087 2584 1112 2633 in
1124 2585 1241 2634 conviviis
1253 2590 1280 2635 ut
1291 2599 1360 2635 suam
1372 2587 1461 2650 quique
1470 2585 1626 2638 domesticam
1635 2589 1736 2652 supelle-

131 2659 202 2726 άσιις
220 2663 255 2724 ῶς
269 2659 351 2717 οἰκεῖα
369 2655 482 2716 ἕκαστοι.
526 2660 556 2735 (s)
574 2656 629 2716 Kal
647 2656 751 2716 πάντων
771 2662 806 2725 ὡς
824 2660 867 2718 ἐπὶ
880 2660 910 2719 ci
953 2671 1034 2720 utilem
1045 2671 1198 2721 exhibebant.
1231 2674 1265 2735 (l)
1275 2677 1306 2723 Et
1317 2687 1393 2736 qurum
1404 2686 1489 2724 omnes
1500 2675 1585 2725 iisdem
1597 2675 1737 2740 plerumque

129 2746 197 2806 πολὺ
208 2750 262 2811 τοῖς
274 2747 360 2811 αὐτοῖς
371 2743 515 2825 χρωμένων
529 2745 574 2802 καί
585 2751 722 2823 πανταχοῦ
731 2748 835 2805 πολλῶν
849 2771 911 2828 ραι·
955 2763 1077 2809 uterentur
1088 2763 1113 2808 et
1122 2759 1198 2808 multa
1209 2760 1298 2822 ubique
1311 2761 1515 2823 conspicerentur,
1524 2764 1644 2824 lugentem
1655 2767 1736 2828 stupo-

130 2833 245 2912 νομένων
265 2831 381 2911 μεγάλην
399 2829 447 2903 τήν
465 2830 589 2902 ἔκπληξιν
607 2832 661 2898 τοῖς
675 2833 705 2889 ἐκ
724 2836 775 2890 τῶν
796 2833 910 2915 τριήρων
928 2822 932 2873 ¹
955 2859 1005 2894 rem
1015 2845 1146 2896 afferebant
1155 2847 1349 2908 Atheniensibus,
1359 2848 1400 2911 qui
1411 2849 1548 2900 triremibus
1557 2848 1650 2900 advecti
1659 2855 1736 2911 eunt,

132 2920 274 2994 Ἀθηναίοις
292 2923 429 3000 παρεῖχεν,
449 2918 494 2977 καλ
515 2918 668 2999 ἀφικόμενοι
690 2921 716 2986 ές
736 2919 783 2987 τθε
803 2921 911 2993 Ἀθήνας
954 2935 980 2984 ct
998 2933 1104 2983 Athenas
1120 2935 1209 2984 racemi
1220 2934 1385 2996 divulgarant,
1397 2949 1423 2985 se
1435 2949 1543 2997 mauram
1559 2937 1666 3000 pecuale
1685 2937 1736 2988 usn

131 3010 284 3091 διεθρόησαν
307 3011 342 3075 ῶς
361 3007 490 3089 χρήματα
512 3004 598 3065 πολλδι
621 3006 707 3068 ἴδοιεν.
752 3010 783 3085 (a)
808 3010 862 3070 Kal
886 3015 910 3070 οί
954 3020 1118 3083 comperisse.
1151 3022 1185 3083 (5)
1204 3024 1283 3086 Atque
1301 3022 1335 3082 illi
1350 3020 1461 3085 quidem,
1477 3022 1519 3085 qni
1535 3027 1560 3073 et
1578 3019 1736 3088 ipsl'decsptl

132 3099 180 3175 μίν
192 3095 267 3155 αὐτοί
276 3119 305 3153 τε
317 3092 492 3167 ἀπατηθέντες
504 3094 549 3152 καί
560 3092 620 3161 τοὺς
630 3093 723 3162 ἀλλους
734 3095 792 3155 τότε
803 3097 912 3158 πείσαν-
954 3112 1036 3168 erant,
1048 3113 1073 3157 et
1082 3109 1136 3158 aliis
1147 3112 1204 3158 tune
1215 3110 1261 3158 boe
1270 3114 1451 3172 persuaserant,
1463 3115 1590 3174 postquem
1602 3112 1642 3161 bic
1654 3125 1737 3162 rumor

131 3208 186 3257 τες,
202 3181 291 3254 ἐπειδὴ
308 3183 409 3253 διῆλθεν
425 3180 525 3259 θλόγος
539 3179 578 3237 ότι
590 3183 637 3239 οὐκ
650 3181 691 3253 είη
708 3184 734 3240 έν
749 3187 782 3262 τῇ
797 3183 910 3264 Ἐγέστη
955 3193 1099 3254 dimanavit,
1112 3196 1225 3257 pecumm
1237 3195 1290 3245 illas
1298 3199 1449 3258 Egcstmnnn
1460 3209 1526 3258 esse,
1536 3197 1664 3260 gradere
1676 3197 1737 3247 mili·

131 3270 166 3331 τθ
179 3269 321 3352 χρήματα,
335 3267 436 3339 πολλὴν
449 3266 498 3338 τήν
512 3267 597 3326 αἰτίαν
609 3259 679 3347 εἶχον
693 3269 743 3328 ὑπὸ
758 3274 809 3328 τῶν
827 3295 911 3350 στρα-
956 3282 1020 3330 tibus
1029 3282 1216 3343 accusabantur,
1225 3281 1389 3333 desecantem
1401 3297 1443 3346 pro
1456 3285 1567 3347 presenti
1579 3297 1658 3335 rerum
1672 3288 1737 3336 statu

131 3362 240 3418 τιωτῶν·
253 3360 276 3416 οἱ
291 3355 317 3414 δὲ
333 3357 475 3437 στρατηγοί
488 3354 551 3435 πρδς
560 3354 593 3414 τά
607 3354 724 3436 παρόντα
737 3357 912 3436 ἐβουλεύοντο,
955 3368 1134 3430 consultabant3

171 3448 289 3507 xlvii.
311 3444 356 3503 ael
370 3443 462 3506 Νικίου
475 3442 522 3521 μὲν
536 3438 568 3514 ἦν
582 3442 673 3522 γνώμη
684 3445 759 3503 πλεῖν
771 3445 815 3504 ἐπὶ
830 3449 910 3507 Σελι-
986 3444 1082 3506 ΧΪΝΙΙ.
1093 3461 1118 3506 et
1127 3457 1200 3507 llictse
1210 3456 1307 3520 quidem
1319 3458 1435 3508 sententia
1444 3461 1507 3519 erat,
1520 3463 1548 3509 ut
1558 3472 1614 3509 cum
1625 3459 1738 3510 omnibns

133 3540 225 3594 νοῦντα
238 3532 312 3612 πάσῃ
327 3537 359 3612 τῇ
375 3541 498 3612 στρατιᾷ,
512 3533 550 3612 ἐφ’
569 3531 632 3611 ὅπερ
647 3531 763 3608 μάλιστα
779 3532 913 3615 ἐπέμφθη·
955 3543 1032 3606 copiis
1048 3543 1165 3594 adversus
1183 3545 1331 3595 Selinuntem
1348 3546 1508 3607 navigaretur,
1524 3546 1594 3607 cujns
1612 3547 1646 3598 rei
1664 3559 1739 3597 censu

133 3644 194 3697 σαν,
209 3620 255 3680 καί
267 3617 299 3689 ἢν
317 3617 365 3696 μὲν
380 3618 519 3699 παρέχωσι
535 3619 664 3699 χρήματα
677 3620 756 3678 παντὶ
773 3625 812 3702 τῷ
830 3644 912 3701 οτρα-
955 3631 1107 3693 potissimum
1124 3631 1191 3680 missi
1205 3637 1300 3694 essent,
1315 3636 1341 3682 et
1358 3632 1379 3681 si
1397 3632 1494 3696 quidem
1506 3634 1605 3694 merei
1623 3633 1738 3697 pecunias

132 3708 244 3786 τεύματι
266 3707 431 3783 Ἐγεσταῖοι,
451 3706 515 3788 πρὸς
534 3713 618 3765 ταῦτα
641 3705 823 3785 βουλεύεσθαι,
843 3711 865 3767 εί
885 3707 912 3768 δέ
957 3718 1068 3767 universo
1078 3718 1196 3768 exercitui
1207 3718 1386 3782 suppeditarent
1392 3733 1453 3781 ,pro
1461 3720 1738 3783 poeumrssummacou·

135 3796 186 3873 μή,
207 3798 263 3859 ταῖς
276 3792 400 3864 ἑξήκοντα
414 3793 513 3864 ναυσίν,
532 3792 648 3875 ὅσασπερ
662 3794 807 3873 ᾐτήσαντο,
826 3794 913 3864 ἀξιοῦν
956 3805 1035 3854 silium
1050 3810 1189 3867 caperetur,
1206 3807 1243 3855 sin
1262 3807 1355 3865 minus,
1373 3806 1404 3855 ab
1420 3806 1451 3857 iis
1467 3808 1638 3870 postularetur,
1655 3813 1682 3858 nt
1699 3821 1738 3859 se·

134 3881 232 3940 διδόναι
247 3878 339 3947 αὐτοὺς
358 3878 466 3961 τρορήν,
484 3879 529 3938 καλ
546 3879 758 3962 παραμείναντας
772 3884 912 3942 Σελινουν-
959 3892 1052 3952 xuginta
1070 3891 1188 3951 naribus,
1206 3893 1270 3953 boas
1287 3893 1419 3954 petissent,
1440 3892 1528 3942 cibaria
1544 3894 1737 3957 suppeditarent,

134 3968 202 4036 τίους
222 3967 239 4039 ἢ
262 3967 307 4048 βία
329 3967 346 4038 ἢ
368 3965 495 4045 ξυμύάσει
510 3966 646 4035 διαλλάξαι
669 3971 768 4040 αὐτοῖς,
787 3970 831 4026 καί
846 3968 913 4029 ούτω
956 3977 1300 4042 atspuepermauereut,donee
1315 3979 1527 4030 selinuntioscum
1543 3982 1591 4031 illis
1608 3982 1644 4032 vel
1660 3983 1684 4032 vi
1699 3983 1738 4034 uel
1810 4004 1813 4009 ’

134 4053 371 4137 παραπλεύσαντας
393 4052 439 4121 τθς
462 4053 543 4120 ἀλλοις
564 4053 651 4121 πόλεις
673 4054 717 4112 καὶ
738 4055 914 4124 ἐπιδείξαντας
956 4065 1279 4129 pactionarereneiliassent,
1291 4070 1316 4116 et
1329 4067 1362 4116 its
1370 4068 1582 4119 ceterascivitates
1594 4069 1739 4132 obirent,et

136 4144 183 4221 μέν
197 4142 244 4214 τήν
265 4142 375 4219 δύναμιν
398 4146 445 4213 τῆς
463 4141 604 4213 Ἀθηναίων
617 4143 730 4212 πόλευις,
746 4143 915 4213 δηλώσαντας
957 4154 998 4202 ubi
1018 4154 1170 4204 Atheniensis
1184 4153 1321 4217 reipublicae
1331 4155 1462 4217 potentiani
1478 4155 1508 4205 iis
1521 4156 1695 4219 ostendissent,
1713 4162 1740 4208 et
1789 4215 1790 4218 χ

136 4233 163 4290 ’δέ
175 4229 224 4302 τήν
237 4231 263 4297 ές
276 4228 335 4295 τοὺς
348 4228 436 4307 φίλους
448 4227 494 4287 καί
510 4227 661 4308 ξυμμάχους
675 4228 830 4308 προθυμίαν,
845 4233 912 4289 ἀπο·
957 4254 1028 4291 snum
1035 4241 1059 4290 in
1067 4241 1158 4290 amicos
1167 4241 1292 4303 sociosque
1299 4241 1406 4290 studium
1413 4241 1738 4304 demonstrassent,d0mnm

135 4321 210 4377 πλεῖν
222 4317 323 4387 οἴκαδε,
334 4314 367 4386 ἢν
378 4315 416 4391 μή
428 4338 453 4374 τι
465 4316 497 4373 δι’
508 4314 596 4392 ὀλίγου
608 4315 653 4374 καί
665 4315 717 4374 ἀπὸ
729 4321 774 4373 τοῦ
785 4317 913 4388 ἀδοκήτου
959 4328 1077 4388 redirent,
1096 4327 1141 4376 nisi
1159 4327 1220 4377 torte
1233 4327 1299 4377 brevi
1315 4332 1340 4377 et
1356 4342 1385 4378 ex
1405 4329 1527 4393 inopinato
1544 4328 1646 4381 facultas
1658 4330 1739 4395 aliqua

135 4406 153 4477 ἢ
169 4405 318 4469 Λεοντίνους
332 4393 381 4461 οἷοί
393 4426 422 4461 τι
434 4393 498 4461 ῶοιν
510 4405 644 4484 ὠφελῆσαι
658 4403 676 4475 ἢ
689 4407 741 4463 τῶν
756 4404 842 4463 άλλων
856 4403 914 4464 τινθ
957 4416 1090 4475 oiierretur,
1110 4414 1148 4464 vel
1163 4414 1290 4464 Leontinos
1303 4415 1403 4478 jurandl
1416 4416 1454 4467 tel
1467 4416 1572 4479 adquam
1590 4417 1737 4481 reliquarum

136 4493 235 4551 πολεων
253 4488 480 4571 προσαγαγέσθαι,
499 4491 544 4550 καὶ
557 4495 590 4570 τῇ
604 4490 678 4550 πόλει
695 4492 864 4561 δαπανῶντας
881 4492 915 4551 τά
957 4504 1081 4552 ciuitatum
1092 4502 1137 4551 sibl
1148 4502 1300 4564 adiungendi,
1310 4503 1519 4566 nequelacnltntes
1530 4503 1675 4556 domeucss
1683 4517 1737 4557 eon·

136 4583 220 4637 οίκεῖα
234 4578 271 4656 μὴ
283 4576 447 4636 κινδυνεύειν.
958 4594 1079 4640 sumentes
1089 4589 1259 4654 rempublicam
1270 4590 1294 4639 in
1303 4591 1435 4654 periculum
1446 4591 1599 4641 adducerent.

177 4668 308 4727 XLVIII.
330 4664 494 4736 Ἀλκιόιάδης
512 4663 539 4724 δέ
553 4667 600 4724 οθκ
616 4663 665 4746 ἔφη
684 4669 781 4748 χρῆναι
799 4666 913 4746 τοσαύτη
988 4680 1094 4728 xnvtll.
1104 4677 1237 4727 Alcibiades
1246 4689 1303 4727 vero
1312 4677 1476 4737 dicebat,non
1483 4682 1591 4740 oportere
1600 4690 1656 4728 curn
1665 4680 1739 4730 tantis

137 4756 246 4831 δυνάμει
256 4752 449 4821 ἐκπλεύσαντας
458 4757 573 4834 αἰσχρῶς
580 4753 625 4812 καί
637 4754 777 4833 ἀπράκτως
786 4756 915 4828 ἀπελθεῖν,
959 4765 1034 4828 copiis
1050 4763 1150 4813 emisam
1171 4764 1270 4827 turpiter
1289 4768 1314 4814 et
1332 4764 1419 4813 inlecto
1438 4763 1533 4826 negotio
1550 4763 1630 4826 anus,
1649 4765 1692 4816 sed
1708 4765 1740 4815 ad

138 4843 196 4899 ἀλλ’
210 4841 235 4908 ἔς
247 4865 276 4899 τε
290 4840 336 4907 τάς
347 4840 435 4908 πόλεις
449 4841 680 4921 ἐπικηρυκεύεσθαι
693 4841 761 4912 πλὴν
776 4843 916 4902 Σελινοῶν-
958 4865 1042 4902 omnes
1054 4852 1176 4911 civitates,
1192 4851 1434 4914 praetcrselinnntenr
1452 4855 1476 4900 et
1494 4853 1637 4913 Syracusas,
1651 4852 1740 4916 legatos

138 4953 180 4996 τος
203 4928 248 4986 καί
268 4931 444 5007 Συρακουσῶν
464 4926 511 4995 τδις
531 4928 626 5000 ἀλλοις,
644 4928 690 4987 καί
710 4934 849 5009 πειρᾶσθαι
871 4930 917 4988 καί
961 4939 1091 4989 mittendos
1103 4943 1128 4989 et
1138 4952 1235 5003 operam
1247 4937 1363 4998 dandum
1373 4942 1400 4986 ut
1411 4941 1436 4986 et
1453 4937 1544 4988 siculos
1555 4939 1642 5002 partim
1653 4939 1685 4990 ad
1699 4939 1740 4992 de·

138 5016 197 5082 τοὺς
209 5015 333 5083 Σικελοὺς
341 5015 399 5083 τοὺς
410 5015 457 5093 μὲν
470 5016 611 5098 ἀριστάναι
621 5016 673 5075 ἀπὸ
682 5020 734 5074 τῶν
747 5017 917 5097 Συρακοσίων
962 5027 1087 5076 lechonem
1109 5039 1124 5075 a
1146 5024 1301 5088 syracusanis
1323 5023 1454 5074 laciendum
1474 5025 1632 5088 solicitarent,
1652 5029 1740 5091 partim

139 5104 197 5172 τοὺς
209 5103 235 5162 δέ
248 5103 334 5186 φίλους
347 5108 491 5176 ποιεῖσθαι,
505 5101 548 5162 ἵνα
563 5107 632 5163 σῖτον
647 5102 692 5163 καί
707 5101 831 5184 στρατιθν
846 5103 916 5184 ἔχω·
961 5113 1051 5164 amicos
1061 5113 1106 5165 sibl
1117 5112 1233 5175 lucerent,
1245 5116 1271 5162 nt
1281 5117 1305 5164 et
1314 5116 1477 5163 concursatum
1486 5116 1509 5164 el
1519 5113 1601 5177 copias
1610 5114 1738 5180 haberent;
