3676 5828
167 317 204 370 ιι
744 316 914 378 εσιιοιιι.
934 318 988 395 ιν,
1011 327 1174 379 ιον-ιω.

171 452 239 534 χέως
252 451 283 511 θν
298 452 379 511 ἐλθεῖν
401 453 437 518 είς
449 449 581 531 ροῆθειαν.
597 482 636 496 -·
649 447 768 520 Φθοίσαι]
787 448 867 526 ἤγουν
886 470 951 528 προ-
991 451 1042 507 ελσι
1056 446 1205 527 μέλλοντες,
1222 451 1269 508 οθκ
1282 453 1309 510 ἐν
1323 448 1413 530 χερσλν
1424 448 1504 518 ὀντες.
1520 483 1563 497 -·
1578 450 1687 522 Πλῆθει
1701 452 1783 536 ὀριως

171 538 262 599 λαθεῖν
275 539 392 606 ἐκείνους.
408 572 447 584 -
462 535 655 617 Ἐγχειρῆσειν]
669 534 809 606 ἐπιθήσειν.
992 536 1080 609 δεινοί]
1095 535 1150 604 δέος
1168 539 1316 615 ἐμποιοῦσι.
1331 580 1372 592 .-
1387 537 1508 610 Δῆλωσιν
1522 541 1649 613 ἀπειλῆς]
1667 540 1781 623 ἔμφασιν

212 628 326 688 CXXII.
349 626 418 707 Παρ’
436 624 524 697 αι’ντόν]
536 624 580 683 τὸν
595 622 737 704 Βρασίδαν.
755 665 793 677 .-
814 643 836 683 2.
855 621 949 693 Διέόη]
992 624 1188 697 καταπλήξεως.
1200 664 1235 673 -
1251 627 1419 707 Αἰσχυνθεῖεν
1434 625 1476 700 άν]
1490 625 1581 708 ῶςπερ
1592 630 1674 705 ἤμεῖς
1685 633 1710 689 οί
1723 637 1780 692 Δα-

172 713 225 772 ἆπῖι
232 719 279 786 τῆς
290 714 416 785 Σκιώνης.
425 747 463 758 -
471 732 492 772 3.
505 710 632 790 Κατῆνει]
643 709 800 782 συνετίθετο,
813 708 951 767 κατένευσε
992 711 1150 789 κεδαιμόνιοι
1163 711 1291 782 δηλονότι.
1303 754 1344 766 .-
1352 709 1391 774 'II
1401 737 1431 773 τι
1448 711 1516 795 φυγλ
1528 713 1578 772 καλ
1592 718 1610 786 ἡ
1625 713 1722 796 ἔφοδος
1733 719 1780 777 αὒ-

145 818 158 857 ο
172 805 307 861 συναινῶν.
321 835 359 848 -
371 820 392 860 ι.
408 798 517 870 Αὐτούς]
532 797 591 864 τοὺς
608 795 764 869 Ἀθηναίους.
781 836 819 848 -
837 799 893 867 Τῆς
903 794 952 854 πό·
991 800 1083 871 τῶν...]
1099 799 1195 878 ὁμοίως
1206 799 1293 858 καλεῖ
1305 808 1394 881 φυγεῖν
1408 800 1452 860 καὶ
1463 800 1494 860 τδ
1507 800 1614 862 διώκειν
1626 803 1713 863 καλὸν
1722 803 1801 886 φσί·ε

171 892 247 960 λεως]
260 894 306 961 τῆς
323 887 450 959 Σκιώνης.
467 920 505 931 -
519 884 587 965 Περί
605 887 695 956 αὐτῆς]
710 888 756 955 τῆς
770 883 897 954 Σκιώνης.
913 917 953 929 -
991 909 1065 946 νεται
1073 889 1127 954 τοῖς
1142 887 1298 969 βαρόάροις,
1309 888 1355 947 καλ
1364 890 1411 948 ούκ
1421 888 1585 963 ἐξετάζεται,
1597 890 1709 972 πότεροί
1719 895 1780 952 εἰσιν

171 998 194 1037 ιι.
209 979 298 1057 Σφῶν]
310 980 361 1035 τῶν
376 974 525 1046 Ἀθηναίων.
537 1008 577 1018 -
591 972 741 1053 Ἀνωφελεῖ]
754 971 852 1044 λείπει,
867 973 894 1029 ἐν
906 975 952 1028 θα·
993 973 1179 1056 ἀνδρειότεροι,
1189 978 1213 1034 οί
1223 975 1385 1055 φεύγοντεςῆ
1397 979 1420 1035 οί
1431 975 1579 1045 διώκοντες.
1590 1021 1633 1032 ..
1646 979 1781 1060 fimi.

171 1062 315 1144 λάσσῃ...
328 1084 350 1124 ε.
362 1061 501 1143 Ὕστερον]
511 1061 590 1139 ἤγουν
604 1058 671 1137 μετὰ
681 1059 728 1131 τῆν
739 1059 893 1139 ἐκεχειρίαν.
992 1087 1046 1144 τωρ
1061 1060 1087 1120 δὲ
1102 1062 1222 1141 μάχη...]
1238 1063 1313 1143 μάχη
1335 1062 1362 1122 δέ
1377 1062 1552 1136 αὖτεξούσιος,
1569 1067 1598 1122 ἐν
1616 1058 1637 1145 ἤ
1652 1065 1780 1133 ἔξεστινθ

212 1153 340 1213 CXXIII.
362 1153 499 1228 Φανερῶς]
515 1147 572 1205 ἀντὶ
588 1153 634 1206 τοῦ
649 1145 785 1218 ἑκουσίως,
804 1145 867 1204 άνευ
884 1167 951 1226 προ·
994 1148 1115 1230 βούλεταί
1126 1173 1164 1216 τις
1175 1150 1311 1232 πρέπειν,
1325 1150 1436 1233 παρέχει
1446 1149 1580 1233 πρόφασιν
1594 1152 1668 1232 [τοῦ]
1682 1152 1779 1235 φεύγειν

134 1253 159 1297 Ιυ
172 1240 269 1306 δοσίας.
289 1281 320 1292 -
343 1259 364 1296 υ.
390 1237 569 1314 Ἐτολμησαν]
589 1234 735 1316 ἐθάρρησαν
766 1232 896 1316 προσιέναι
915 1236 953 1312 τῷ
993 1246 1046 1304 τοῖς
1057 1240 1170 1303 ὀπωςοῦν
1184 1237 1350 1316 βουλομένοις
1361 1238 1497 1307 σώζεσθαι.
1511 1271 1552 1283 -
1566 1238 1695 1320 Ἐκείνιρ]
1711 1242 1810 1321 τῷέιιο

71 1366 78 1376 ·
172 1325 301 1406 Βρασίδᾳ.
316 1322 502 1401 --Ἑτοίμην]
515 1322 591 1389 είςτθ
605 1326 743 1400 βοηθῆσαι.
757 1354 797 1366 -
813 1323 854 1380 Ού
870 1322 953 1400 πρού-
993 1327 1083 1406 χεῖρας
1102 1326 1194 1386 ἐλθεῖν.
1210 1366 1249 1378 -
1263 1346 1285 1386 ε.
1303 1325 1359 1385 Ἀπ’
1377 1328 1462 1385 αὐτῶν
1482 1329 1620 1406 ὁρᾶται...]
1645 1325 1779 1406 ρρᾶταιδέ

172 1412 252 1485 δίδου]
267 1410 435 1492 ὁΒρασίδας.
451 1445 488 1456 -
501 1431 523 1471 ιι.
546 1409 610 1470 Ἐπ’
624 1408 773 1490 ἀμφοτέρας
790 1406 837 1475 τὰς
854 1406 952 1479 πόλεις]
994 1415 1096 1493 σαφῶς,
1106 1409 1146 1470 ὀτι
1159 1410 1190 1470 τδ
1207 1412 1254 1470 ἀπ’
1271 1414 1357 1471 αὐτῶν
1376 1414 1467 1472 δοκοῦν
1487 1411 1571 1471 δεινδν
1593 1412 1656 1494 ὀψιν
1674 1411 1722 1491 μὲν
1739 1412 1779 1472 καί

171 1500 220 1574 τῆν
234 1499 339 1571 Μένδην
354 1499 400 1556 καὶ
409 1496 540 1571 Σκιώνην.
551 1532 591 1545 -
601 1517 623 1558 4.
637 1498 692 1558 Καὶ
702 1500 726 1556 οί
738 1496 796 1574 μέν]
812 1499 836 1554 οἱ
850 1497 954 1554 ύπολει-
994 1499 1075 1572 ἀκοῆν
1083 1499 1311 1573 καταπλήττεται,
1323 1499 1431 1578 δυνάμει
1443 1498 1471 1559 δέ
1482 1497 1557 1559 οὐδέν
1571 1501 1641 1559 ἐστι.
1652 1505 1732 1560 τοῦτο
1740 1491 1779 1560 αθν

172 1587 277 1672 φθέντις
289 1589 316 1646 ἐν
326 1584 431 1664 Σκιώνη
445 1586 491 1645 κοιλ
503 1585 602 1664 Μένδῃ.
993 1586 1194 1666 ὑπομείναντες,
1215 1585 1280 1665 (τῆν
1293 1587 1381 1668 φωνῆν
1395 1591 1479 1647 αὐτῶν
1493 1586 1563 1669 φημί
1578 1587 1626 1646 καλ
1639 1587 1693 1660 τῆν
1708 1590 1781 1647 ἀπει-

134 1693 161 1733 Ια
213 1677 342 1737 CXXIV.
364 1673 397 1734 ‘0
414 1670 471 1750 μέν]
487 1671 594 1750 ἤγουνθ
615 1669 772 1751 Περδίκκας.
787 1704 826 1716 -
844 1691 866 1730 υ.
886 1667 955 1737 Τοθς
993 1674 1042 1747 λῆν
1051 1677 1069 1754 ,]
1079 1673 1125 1733 καλ
1134 1672 1269 1750 εὐκόσμως
1281 1678 1308 1734 ἐν
1321 1679 1406 1756 καιρῷ
1417 1681 1462 1735 τοῦ
1477 1676 1628 1757 ἀναχωρεῖν
1640 1675 1781 1756 ὑποχωρῆ-
1791 1692 1810 1730 α

173 1762 341 1844 Δυγκηστάς]
356 1761 416 1828 τοὺς
435 1761 496 1842 περί
511 1759 555 1819 τόν
575 1758 725 1839 Περδίκκαν
744 1758 790 1816 καί
809 1759 952 1839 Βρασίδαν.
994 1785 1101 1834 σαντες,
1114 1763 1238 1843 ἀσφαλῶς
1247 1763 1453 1841 ύπονοστῆσετε,
1468 1761 1514 1822 καὶ
1526 1761 1664 1842 γνώσεσθε
1674 1764 1782 1822 τοῦλοι·

174 1887 211 1900 .-
229 1872 251 1912 ³.
265 1849 329 1909 Ἀπὸ
344 1855 390 1909 τοῦ
409 1848 500 1930 λόφου]
524 1852 569 1907 τοῦ
583 1846 688 1906 οἰκείου.
703 1880 742 1893 -
760 1849 796 1907 Οἱ
810 1845 837 1903 δέ
855 1844 953 1916 λοιποί]
994 1856 1045 1909 ποῦ
1059 1852 1085 1908 ἐν
1101 1853 1139 1930 τῷ
1156 1852 1269 1931 ἀσφαλεῖ
1279 1854 1448 1919 καθεστῶτες.
1462 1886 1503 1897 -
1518 1849 1731 1932 Κατασπέρχον]
1744 1874 1783 1908 αι-

173 1937 338 2019 Δυγκησταί.
357 1969 396 1983 -
414 1956 435 1995 ε.
454 1939 589 2017 Τρινιέαῖον
610 1934 761 2005 στήσαντες]
781 1935 805 1991 αἱ
829 1932 890 2013 περὶ
910 1931 954 1990 τὸν
993 1943 1052 1998 νοῦν
1063 1940 1099 2004 είς
1110 1937 1222 2011 δειλίαν,
1239 1939 1392 2010 ἐκπλῆττον.
1403 1973 1438 1982 -
1454 1939 1490 2000 Οἱ
1506 1943 1623 1998 τοιοῦτοι
1633 1938 1722 2019 ]τδ
1736 1941 1782 1998 τῶν

175 2027 317 2110 Βρασίδαν.
330 2065 369 2077 --
379 2022 522 2102 Ἐπέσχον]
538 2021 631 2089 αύτούς
641 2020 760 2093 δηλονότι
773 2019 892 2079 κατθτδν
905 2020 954 2078 πό·
996 2023 1136 2106 βαρόάρων
1149 2026 1247 2095 πλῆθος
1255 2033 1308 2091 τοῖς
1316 2024 1362 2102 μὲν
1372 2024 1420 2098 τὴν
1430 2023 1537 2107 πρώτην
1545 2025 1668 2102 ἐρωὴν
1680 2024 1784 2103 &ingai-

134 2136 161 2177 αν
173 2120 263 2194 λεμον.
278 2147 317 2162 -
336 2111 373 2174 Οἳ
393 2111 517 2191 ἐτυχον...
542 2110 618 2188 μελλ.
636 2110 689 2182 ῆξ]
708 2110 788 2189 ἤγουν
804 2107 830 2167 οἳ
845 2108 954 2187 ἐμελλον
994 2110 1157 2179 νυιςάπωθέν
1169 2113 1224 2170 ἐστι
1238 2111 1347 2193 φοόερθν
1361 2113 1479 2195 ἀνδρείας
1491 2112 1623 2173 ἀνάτασιν
1637 2112 1813 2191 μέλλωσανιι

179 2204 255 2277 ἤξειν.
277 2236 315 2246 -
335 2199 399 2260 Ἐπί
422 2199 470 2266 τδς
487 2204 533 2258 τοῦ
552 2198 700 2280 Ἀρριδαίου
714 2198 816 2276 κώμας]
835 2195 892 2264 ἀντὶ
910 2201 955 2254 τοῦ
995 2201 1127 2258 ὀπειλοῦν·
1146 2200 1199 2266 τοῖς
1219 2199 1248 2256 δέ
1269 2199 1306 2276 μὴ
1324 2198 1483 2277 δεξαμένοις,
1501 2200 1573 2259 ἄλλα
1603 2199 1784 2283 φεύγαισι,τθ

174 2290 242 2352 κατὰ
253 2293 305 2349 τῶν
322 2285 471 2370 Ἀρριδαίου
485 2290 592 2365 κωμῶν.
605 2287 805 2357 ἡ-ίίαθῆσθαι]
823 2283 901 2367 ἀργθς
915 2274 954 2345 εἶ·
995 2289 1088 2347 διῶκον
1101 2285 1221 2368 εὐψύχως
1240 2285 1317 2354 ὀξέως
1330 2286 1493 2370 ἐπιφέρεται,
1510 2285 1557 2346 άτε
1575 2286 1610 2360 δῆ
1629 2292 1659 2349 ἐν
1675 2291 1785 2371 ἀσφαλεῖ

173 2402 226 2439 ναι.
238 2419 276 2430 -
288 2371 496 2455 Περιορώμινος]
504 2371 694 2450 εύλαόούμενος
703 2373 764 2455 περί
775 2376 866 2445 αὐτῆς,
875 2370 954 2444 κηδό·
995 2379 1172 2446 καθεστῶτες,
1185 2378 1221 2441 ὡς
1239 2372 1271 2432 ἂν
1285 2378 1337 2434 τῶν
1349 2374 1494 2457 φευγόντων
1510 2376 1540 2434 ού
1561 2375 1739 2457 μαχομένων.
1750 2411 1785 2424 -

175 2488 259 2544 μενος.
276 2497 314 2508 -
325 2465 366 2524 Οὔ
375 2460 505 2542 πρόθυμος
515 2453 559 2533 ἤν]
569 2460 687 2542 προϊέναι
699 2459 826 2533 δηλονότι.
1000 2461 1147 2534 Μελλῆσει]
1162 2461 1311 2542 προςδοκίογ.

135 2570 162 2610 εσ
214 2552 327 2613 CXXV.
351 2553 461 2621 Δοκοῦν]
480 2547 538 2607 ἐντί
555 2554 601 2607 τοῦ
627 2549 770 2615 δοκοῦντος.
790 2590 831 2602 .-
850 2545 956 2623 Αὐτῶν]
1037 2551 1177 2610 CXXVII.
1199 2548 1313 2626 Ὑπῆγε]
1325 2548 1413 2630 ἠρέμα
1425 2549 1471 2609 καλ
1481 2549 1540 2609 κατ’
1553 2550 1645 2625 ὀλίγον
1658 2542 1735 2630 ἤγεν.
1750 2571 1814 2610 -εε

173 2643 225 2699 τῶν
240 2640 385 2718 Ἰλλυριῶν.
403 2671 442 2681 -
457 2634 581 2716 Κυρωθέν
595 2634 623 2694 δέ
633 2635 717 2708 οὐδέν]
730 2635 839 2717 δρισθέν.
856 2637 873 2711 §
897 2634 956 2693 ἀντί
995 2656 1018 2697 υ.
1031 2634 1070 2696 Δί
1080 2660 1108 2695 τε
1123 2636 1259 2714 ἐκδρομαί]
1277 2640 1300 2695 σί
1312 2636 1466 2715 τεταγμένοι
1484 2638 1607 2710 δηλονότι
1619 2639 1689 2720 πρὸς
1703 2639 1734 2698 τδ
1745 2643 1786 2699 ἐκ·

174 2733 221 2786 τοῦ
239 2723 395 2806 κυρωθέντος
412 2722 519 2790 οὐδενός.
537 2756 576 2768 -
588 2723 639 2783 Ἐκ
656 2727 702 2794 τῆς
723 2725 858 2804 διαφορᾶς]
876 2721 955 2799 ἤγουν
995 2723 1250 2806 τρέχειν.-Παρδι
1260 2723 1367 2803 γνώμην
1375 2723 1548 2797 ἀντέστησαν]
1559 2726 1627 2808 παρ’
1634 2727 1734 2787 ἐλπίδα
1743 2726 1786 2798 ιῆν

175 2813 219 2874 διὰ
246 2811 294 2884 τλν
325 2811 429 2891 ἔχθραν.
450 2844 490 2854 -
522 2809 639 2891 Ἀσαφῶς
663 2810 867 2890 ἐκπλῆγνυσθαι]
898 2807 955 2867 ἀντὶ
996 2816 1215 2893 τῶνΑυγκηστῶν
1228 2812 1390 2886 ἀντέστησαν
1400 2817 1423 2874 οί
1433 2815 1788 2893 Λακεδαιμόνιοι-Ἐπι-

174 2908 220 2962 τοῦ
234 2903 336 2972 άδῆλως
348 2897 553 2975 ἐκπλήττεσθαι,
570 2897 630 2956 άνευ
645 2897 745 2976 αἰτίας,
759 2901 904 2980 σφαλερῶς.
917 2933 957 2943 -
1000 2901 1157 2983 φερομένους
1178 2900 1237 2979 μέν]
1253 2900 1312 2969 τοὺς
1332 2901 1488 2984 βαρθάρους.
1502 2938 1544 2949 -
1560 2906 1600 2964 Οί
1621 2904 1723 2978 λοιποί]
1740 2909 1786 2964 τῶν

136 3009 163 3050 νο
176 2990 244 3071 Πρλν
251 2988 295 3047 τὸν
305 2986 437 3069 Βρασίδαν
446 2987 519 3057 λδεῐν]
529 2985 590 3066 πρὶν
601 2986 770 3064 διαλεχθῆναι
780 2990 818 3067 τῷ
828 2986 955 3066 Βρασίδᾳ·
999 2988 1150 3071 βαρόάρων.
1164 3023 1203 3033 -
1217 2988 1275 3059 Τὴν
1296 2988 1413 3062 ἐςόολῆν]
1436 2990 1541 3058 είςοδον.
1557 3025 1602 3037 -
1620 2992 1815 3066 Φθάσαντιῆἃ

175 3077 243 3137 οὕτω
254 3075 304 3158 γάρ
316 3079 339 3134 οἱ
352 3074 463 3134 Ἀττικοὶ
478 3072 610 3152 λέγουσιν,
623 3077 659 3140 ὡς
671 3074 702 3133 τὸ
719 3075 782 3133 λδεῑν
796 3074 822 3133 τί
837 3098 865 3133 σε
878 3075 957 3134 ἐόου-
997 3075 1172 3158 προλαόόντες
1182 3078 1206 3134 οἱ
1223 3075 1361 3158 βάρύαροι.
1375 3112 1417 3123 -
1430 3077 1623 3159 Ἀναχώρησιν]
1640 3080 1740 3162 φυγῆν.
1752 3114 1788 3128 --

175 3165 272 3244 λόμην,
292 3162 349 3222 ἀντὶ
364 3168 409 3221 τοῦ
429 3160 598 3239 διαλεχθῆναί
622 3161 663 3219 σοί
680 3185 715 3221 τι.
731 3197 771 3207 -
784 3182 805 3222 ν.
827 3162 956 3234 Ἐπιέναι]
999 3162 1208 3246 Καλπροςιόντος
1225 3166 1314 3237 αὐτοῦ]
1328 3171 1374 3224 τοῦ
1391 3166 1518 3247 Βρασίδα.
1532 3200 1574 3212 -
1587 3168 1631 3229 Τὸ
1644 3167 1747 3250 άπορον
1762 3192 1786 3232 τ.

176 3254 262 3320 αὐτοῖς
277 3250 405 3323 δηλονότι.
419 3283 460 3294 —-
475 3249 521 3315 ’Βς
537 3246 617 3325 μέσον
628 3247 730 3320 λαὸών]
743 3249 802 3308 ὀντλ
822 3256 867 3310 τοῦ
883 3273 958 3331 περι·
998 3255 1032 3322 I]
1055 3250 1114 3309 καθ’
1135 3249 1168 3320 ἤν
1187 3252 1235 3308 οὐκ
1256 3242 1288 3323 ἤν
1307 3250 1386 3333 πόρος
1407 3251 1526 3321 ἐξελθεῖν.
1547 3289 1590 3300 -
1610 3257 1785 3327 Κυκλινῦνται]

175 3339 266 3400 λαθὼν
283 3346 336 3405 τοῖς
357 3336 484 3403 ὁπλίταις.
504 3378 545 3388 -
564 3355 586 3395 ε.
606 3335 769 3418 Ἐκδρόμους
789 3335 858 3410 δέ...]
877 3338 957 3417 ἤγουν
997 3336 1078 3415 ἤγουν
1089 3337 1227 3396 κυκλοῦσιν
1242 3341 1265 3396 οἱ
1276 3337 1415 3420 βάρόαροι.
1430 3381 1471 3392 -
1485 3340 1710 3424 Ἀποληψόμενοι]
1727 3347 1786 3403 ἄπο·

137 3444 163 3485 σο
177 3427 251 3497 ἐταξι
267 3423 326 3493 τοθς
340 3424 483 3491 νεωτάτους
496 3422 637 3504 ἐκτρέχειν,
652 3423 697 3482 καί
710 3421 811 3482 ἐπιέναι
824 3427 877 3491 τοῖς
890 3424 959 3502 μετὰ
998 3423 1130 3504 κόψοντες.
1795 3438 1815 3480 1

175 3521 223 3575 τοῦ
239 3512 401 3596 Ἀρριδαίου,
414 3515 436 3570 εί
453 3511 609 3591 ἐπιχειροῖεν
627 3509 798 3591 προςόάλλειν
820 3519 873 3578 τοῖς
891 3510 958 3589 μετὰ
1039 3513 1198 3574 CXXVIII.
1221 3512 1290 3594 Πρὶν
1300 3513 1346 3572 καί
1356 3513 1405 3587 τῆν
1414 3514 1522 3574 πλείονα
1537 3514 1721 3590 κύκλωσιν...]
1730 3515 1786 3596 πρίν

176 3608 223 3663 τοῦ
244 3599 385 3681 Βρασίδου.
407 3632 446 3643 -
464 3596 670 3678 Πραςόάλλοιεν]
685 3598 709 3655 οἱ
730 3596 797 3674 μετὰ
811 3603 856 3656 τοῦ
873 3598 958 3680 Ἀρρι·
998 3598 1059 3667 τοθς
1072 3599 1184 3667 πολλοὺς
1201 3603 1253 3658 τῶν
1267 3604 1379 3660 κυκλοῦν
1397 3600 1456 3670 τοὺς
1477 3604 1706 3681 Λακεδαιμονίους
1725 3605 1785 3682 μιλ·

179 3688 264 3748 ῦαίου.
276 3721 317 3731 -
329 3685 496 3756 Τελευταῖος]
508 3689 555 3754 τῆς
566 3682 718 3751 συντάξεως.
999 3685 1096 3746 λόντων
1107 3695 1239 3768 παρεῖναι.
1254 3723 1295 3734 -
1309 3691 1399 3771 Σφῶν]
1414 3693 1465 3749 τῶν
1484 3689 1639 3772 βαρόάρων.
1655 3722 1693 3732 -
1708 3713 1731 3752 2.
1743 3691 1784 3753 Ἐν

217 3775 343 3836 CXXVI.
365 3774 400 3832 EI
417 3769 464 3849 μὲν
476 3768 513 3847 μὴ
525 3769 722 3842 ὑπώπτευον...]
737 3769 898 3852 προοιμιακῆ
915 3771 959 3830 ἐν-
1000 3772 1137 3854 μεθορίοις]
1152 3779 1198 3832 τοῦ
1211 3774 1293 3835 τόπου
1304 3781 1349 3835 τοῦ
1364 3776 1510 3858 Περδίκκα.
1520 3812 1561 3823 —-
1574 3796 1597 3836 ε.
1616 3779 1662 3839 Τὰ
1681 3778 1741 3857 μέν]
1754 3778 1784 3837 ιθ

137 3886 164 3927 ω
177 3861 234 3921 νοιά
244 3863 316 3933 ἐστι,
330 3859 375 3918 καί
386 3856 444 3918 ούτε
455 3856 621 3930 κατασκευὴν
633 3857 688 3937 ἔχει
700 3857 760 3918 οὔτε
770 3857 958 3941 συμπέρασμα.
1000 3860 1078 3939 ζεύγη
1094 3860 1224 3932 δηλονότι.
1244 3897 1284 3909 -
1296 3883 1320 3924 ο.
1335 3864 1600 3938 Πελοποννησίων...]
1621 3865 1684 3934 τούς
1700 3867 1812 3928 Πελοα

178 3950 411 4026 -Μεμονῶσθαι]
424 3949 470 4017 τῆς
480 3945 654 4024 συμμαχίας*
668 3951 713 4004 τοῦ
723 3946 879 4027 Περδίκκου.
889 3967 958 4008 -α,
999 3948 1152 4020 ποννησίους
1166 3948 1250 4025 ἐμίσει
1275 3953 1304 4010 οὐ
1324 3951 1393 4011 κατὰ
1415 3953 1523 4031 γνώμης
1542 3953 1710 4034 προαίρεσιν,
1730 3955 1783 4014 ούῶ

176 4036 354 4107 Τοιούτων...]
368 4031 416 4104 τῆν
439 4032 618 4114 δημοκρατίαν
636 4032 717 4112 λέγει.
732 4067 771 4080 -
787 4053 808 4092 τι.
827 4033 958 4115 Προηγώ-
1000 4033 1055 4102 ἔθος
1067 4034 1146 4116 έχων·
1160 4036 1220 4104 τοὺς
1232 4037 1283 4120 γάρ
1297 4039 1446 4113 Ἀθηναίους
1462 4043 1562 4120 μᾶλλον
1581 4041 1671 4121 [πρίν]
1693 4041 1782 4120 ἐμίσει

177 4129 257 4197 νισθε]
268 4120 510 4205 προεπολεμῆσατε.
521 4155 561 4165 -
572 4119 686 4192 Δεινούς]
698 4118 732 4178 τά
749 4120 873 4199 πολέμια.
887 4155 927 4166 -
938 4143 960 4182 ι.
999 4157 1040 4167 -
1051 4126 1113 4183 Τῶν
1124 4123 1146 4181 δ’
1156 4124 1307 4202 ἀναγκαίων
1319 4125 1468 4209 ξυμφόρων]
1481 4126 1565 4187 ίνεκεν
1580 4134 1627 4187 τοῦ
1643 4128 1783 4208 ἀναγκαίαν

176 4212 251 4274 Ὅσα
264 4211 311 4272 μὲν
324 4213 362 4291 τῷ
376 4209 429 4270 ὀντι
442 4211 537 4279 ἀσθενῆ
549 4207 658 4280 ὀντα...]
670 4206 727 4267 ὀσοι
737 4207 871 4286 πολέμιοι,
883 4211 961 4269 ὀσθε-
1000 4208 1182 4290 συμφέροντος.
1202 4213 1219 4288 §
1232 4210 1284 4273 Διθι
1307 4212 1356 4285 τῆν
1377 4213 1493 4292 ἀνάγκην
1511 4214 1655 4297 συμφέρειν
1677 4215 1784 4294 νομίσας

138 4320 164 4362 ιε
179 4304 231 4367 νεῖς
241 4297 326 4375 ὀντες,
342 4295 447 4368 δόκησιν
472 4293 561 4374 ίσχύος
582 4293 728 4375 παρέχουσι
748 4299 801 4362 τοῖς
823 4297 959 4371 ἐναντίοις,
1001 4300 1086 4374 μισεῖν
1094 4296 1153 4365 τοὺς
1164 4300 1387 4378 Λακεδαιμονίους
1394 4300 1528 4375 ,ὀποστδς
1537 4301 1812 4383 διεπράττετο,πῶιιι

178 4383 239 4467 περὶ
252 4383 351 4442 τούτων
360 4384 461 4453 τάληθῆ
475 4379 600 4458 μαθόντες
611 4383 635 4440 ολ
645 4381 678 4439 δι’
687 4380 804 4449 ἐναντίας
818 4381 960 4463 θαρσύνον-
1001 4383 1143 4456 Ἀθηναίοις
1161 4381 1208 4462 μὲν
1223 4386 1295 4466 φίλος
1313 4386 1400 4462 ἔσται,
1418 4388 1637 4467 Λακεδαιμονίων
1652 4389 1681 4449 δέ
1695 4391 1782 4449 ἀπαλ-

179 4497 223 4532 ται
237 4474 346 4551 μᾶλλον·
361 4470 416 4530 ὅσοι
431 4469 459 4528 δέ
470 4473 508 4549 τῷ
524 4469 578 4528 ὀντι
596 4468 661 4529 εἰσλν
679 4470 799 4551 ίσχυρολ,
815 4469 920 4539 τούτους
937 4474 960 4531 ελ
999 4470 1115 4540 λάξεται.

180 4560 217 4639 μῆ
229 4583 267 4626 τις
283 4557 427 4639 ἔμπροσθεν
444 4555 535 4634 μάθοι,
552 4556 744 4638 τολμηρότερον
758 4557 804 4616 καλ
820 4560 867 4616 οὐκ
881 4561 961 4637 ὀρθῶς
1040 4560 1164 4620 CXXIX.
1185 4558 1316 4640 Ἑαυτῶν]
1332 4564 1384 4620 τῶν
1405 4561 1556 4635 Ἀθηναίων.
1571 4596 1611 4608 -
1624 4582 1648 4624 ε.
1662 4561 1784 4646 Ἀραντεε

184 4651 271 4714 αὐτοῖς
283 4642 523 4727 προςενεχθῆσεται.
533 4643 694 4715 -Δόκησιν
704 4643 759 4725 ἔχει
769 4644 866 4724 ίοχύος]
874 4645 960 4728 ὥςπερ
1001 4644 1040 4724 δέ]
1051 4650 1075 4705 ολ
1096 4646 1235 4717 Ἀθηναῖοι.
1254 4681 1295 4692 —-
1308 4651 1343 4708 Οἱ
1361 4648 1383 4708 δ’
1395 4648 1470 4708 αὐτοί
1486 4650 1527 4728 τε]
1540 4648 1621 4728 ἤγουν
1633 4651 1710 4710 αότολ
1721 4651 1750 4710 δέ
1761 4652 1783 4708 ολ

141 4754 167 4793 σα
180 4735 214 4794 τά
222 4740 273 4794 τῶν
285 4732 405 4794 ἐναντίων
417 4730 568 4812 βαρόάρων.
581 4723 678 4799 -Οἶς
687 4731 715 4790 δέ
728 4731 874 4811 βεθαίωςτι
883 4732 962 4814 πρός-
1001 4735 1136 4792 Μενδαῖοι.
1159 4768 1200 4779 -
1225 4753 1248 4794 4.
1274 4735 1532 4817 Τραυματιζόμενος]
1556 4737 1720 4816 βαλλόμενος
1741 4737 1814 4806 ὕπ’ςς

175 4846 249 4884 ,εστιν
264 4825 371 4900 ἀγαθόν]
385 4818 470 4900 ῶςπερ
484 4820 557 4896 ἡμῖν.
580 4819 661 4899 ἤγουν
674 4818 765 4887 υίτινές
779 4823 829 4879 εἰσι
844 4825 877 4891 τῆ
892 4824 961 4894 σἰλη-
1002 4822 1097 4881 αὐτῶν.
1113 4820 1175 4880 ἐνιοι
1190 4821 1218 4880 δέ
1239 4821 1409 4903 ἀναφέρουσιν
1430 4822 1474 4880 ἐπὶ
1494 4822 1553 4890 τοὺς
1572 4821 1619 4881 σίνν
1639 4827 1724 4906 αύτῷ.
1744 4858 1783 4872 ·-

180 4910 236 4990 θεία
249 4910 370 4986 ἀνδρεῖοι.
387 4940 428 4954 -
442 4927 464 4966 ε.
477 4898 568 4978 Οὗτοι]
586 4910 610 4966 οί
629 4906 766 4989 βάρόαροι.
780 4940 816 4953 -
832 4886 914 4968 θύτοι
933 4905 960 4967 δέ
1002 4907 1161 4987 Βιάσασθαι]
1176 4909 1234 4985 βίαν
1248 4918 1420 4991 προςαγαγεῖν
1435 4912 1530 4977 αὐτοῖς.
1544 4943 1585 4955 -
1599 4909 1685 4993 ’Ἀλλῃ
1700 4911 1782 4994 ἐφόδφ

181 4997 228 5069 τὴν
242 4995 367 5074 μέλλησιν
382 4993 471 5071 μέν...]
485 4999 531 5052 τοῦ
545 4993 645 5054 ἐπιέναι
656 4993 784 5068 δηλονότι.
797 4994 876 5072 ἤγουν
884 4997 961 5075 ἐκφο-
1002 4998 1031 5054 ἐκ
1047 4997 1107 5075 πλ.]
1123 4996 1189 5075 άλλη
1212 4996 1360 5080 μακροτέρη
1386 4999 1438 5078 ὀδῷ
1459 4997 1518 5056 κατ’
1542 4996 1660 5060 ἐκείνων.
1679 5035 1723 5048 -
1735 4999 1782 5062 Τιι

175 5083 258 5158 ,ὀοῦσι
274 5080 412 5160 μέλλοντες
430 5080 538 5143 ἐπιέναι.
555 5084 571 5160 §
590 5085 613 5141 οί
635 5080 662 5141 δὲ
682 5080 837 5162 Λυγκησταλ
857 5079 962 5162 φοόεροί
1001 5083 1128 5163 πλείονος]
1159 5083 1334 5163 διαστήματος
1359 5083 1486 5157 δηλονότι.
1511 5119 1552 5133 -
1578 5086 1781 5170 Δυςπροςόάτφ]
