3676 5828
595 301 785 366 HISToltlAE
804 296 875 359 llll.
899 293 956 368 Vl,
981 305 1032 354 rot
1049 325 1086 337 -
1103 301 1167 351 toa.
1627 295 1685 347 2⁸,

79 457 139 518 τινδ
150 454 196 514 καί
211 449 334 531 μονωθεὶς
350 445 406 524 μετ’
419 441 513 520 ὀλίγων
525 442 577 498 τῶν
590 434 779 506 ξυνδιαδάντων
794 433 863 489 ἀπο·
908 436 1087 496 θεοιιεειαιιιιε,
1100 435 1125 482 ει
1139 443 1195 481 cum
1210 403 1294 493 paucis
1307 443 1355 481 uua
1366 429 1520 493 transgressis
1531 427 1598 478 solus
1609 426 1690 491 depre-

80 545 186 616 θοῆσχει
198 538 274 605 αὐτός
285 560 313 595 τε
328 534 373 594 καί
384 530 461 591 πέντε
472 528 489 600 ἢ
502 527 530 596 ίξ
542 531 594 586 τῶν
609 524 664 602 μετ’
676 525 766 581 αὐτοῦ.
805 516 863 580 Καὶ
907 521 1000 571 hensus
1011 519 1139 579 ooeubuit,
1151 523 1176 569 et
1185 531 1216 569 ex
1225 519 1267 582 iis,
1276 517 1319 581 qui
1330 530 1386 567 eum
1400 531 1429 569 eo
1440 520 1520 576 mant,
1532 516 1639 579 quinque
1649 517 1692 564 aut

79 633 186 696 τούτους
200 627 247 707 μὲν
259 629 283 686 oi
296 619 453 704 Συρακόσιοι
466 615 539 683 εὐθὺς
550 612 619 673 κατὰ
633 611 714 691 τάχος
725 608 863 692 φθάνουσιν
908 621 959 658 ιοιι.
978 611 1010 658 st
1020 608 1064 657 hos
1071 607 1169 670 quidem
1179 605 1335 668 Syracusani,
1346 608 1522 655 antevertentes
1531 604 1633 661 hostem,
1642 615 1693 651 mu·

81 719 245 800 ἀρπάσαντες
259 713 341 793 πέραν
361 715 406 768 τοῦ
420 710 542 783 ποταμοῦ
562 707 587 768 ἐς
598 701 628 759 τδ
646 700 776 780 ἀσφαλές,
791 692 864 754 αῦτοί
908 697 975 748 ximo
984 695 1218 757 celenmtearreptoa
1229 697 1294 742 treus
1304 692 1607 743 lluriumiulooumtutum
1618 694 1693 738 traus-

81 808 109 866 δέ
121 804 237 869 ἀπιόντος
250 802 301 872 ἤδη
313 799 414 857 καὶτοῦ
427 795 507 854 ἄλλου
519 789 714 872 στρατεύματος
726 789 776 844 τῶν
789 783 866 854 Ἀθη-

81 894 161 953 ναίων
171 887 337 969 ἀπεχώρουν.

123 984 181 1042 Cll.
203 979 250 1039 Ἐν
270 973 354 1054 τούτῳ
379 969 407 1029 δέ
432 973 456 1028 οί
480 967 545 1048 πρδς
567 963 614 1038 τὴν
631 961 706 1022 πόλιν
731 960 818 1018 αὐτῶν
836 955 866 1014 τό

82 1072 186 1148 πρῶτον
213 1059 404 1143 καταφυγόντες
434 1061 468 1123 ὡς
491 1053 577 1135 ἑώρων
605 1056 689 1109 ταῦτα
712 1043 865 1126 γιγνόμενα,

84 1154 158 1215 αὐτοί
169 1177 197 1210 τε
211 1151 290 1209 πάλιν
308 1147 360 1206 ἀπὸ
375 1152 421 1217 τῆς
435 1144 535 1209 πόλεως
549 1137 776 1218 ἀναθαρσήσαντες
793 1134 867 1190 ἀντε-

84 1242 196 1311 τάξαντο
208 1239 273 1321 πρδς
283 1236 343 1302 τοὺς
355 1233 424 1295 κατά
439 1242 505 1315 σφᾶς
519 1227 681 1300 Ἀθηναίους,
693 1223 738 1282 καὶ
752 1220 829 1302 μέρος
842 1242 867 1276 τι

85 1335 169 1390 αῦτῶν
181 1328 327 1405 πέμπουσιν
343 1323 385 1382 ἐπὶ
399 1321 442 1381 τὸν
459 1317 554 1378 κύκλον
567 1316 611 1374 τὸν
626 1313 669 1373 ἐπὶ
682 1312 739 1377 ταῖς
753 1310 868 1368 Ἐπιπο-

84 1421 157 1489 λαῖς,
173 1415 311 1494 ἡγούμενοι
327 1415 423 1493 ἐρῆμον
436 1408 562 1487 αἱρήσειν.
605 1405 636 1481 (t)
654 1400 708 1461 Καί
719 1398 749 1457 τδ
763 1394 811 1475 μίν
823 1398 866 1454 δε-

85 1506 230 1585 κοίπλεθρον
240 1500 416 1582 προτείχισμα
426 1499 510 1554 αὐτῶν
521 1498 623 1574 αἱροῦσι
630 1489 676 1548 καί
685 1485 867 1565 διεπόρθησαν,

86 1592 164 1653 αὐτόν
177 1591 204 1648 δὲ
224 1588 268 1648 τὸν
287 1585 382 1645 κύκλον
395 1581 488 1648 Νικίας
503 1579 659 1639 διεκώλυσεν
679 1574 765 1653 (ίτυχε
777 1571 828 1652 γδιρ
842 1573 869 1628 ἐν

87 1684 158 1740 αὐτῶ
169 1681 202 1738 δι’
216 1675 350 1735 ἀσθένειαν
363 1667 604 1747 ὑπολελειμμένοςί·
619 1663 666 1732 τθς
679 1662 730 1743 γάρ
748 1656 870 1739 μηχανάς

86 1769 132 1828 καί
145 1742 208 1836 ’ξύλα
226 1764 275 1822 ὅσα
289 1761 340 1842 πρδ
352 1765 396 1818 τοῦ
410 1758 511 1836 τείχους
524 1747 556 1828 ἦν
571 1748 806 1827 καταόεύλημένα,
819 1750 870 1822 tp-

87 1862 188 1935 πρῆσαι
202 1851 260 1918 τοθς
278 1847 407 1929 ὑπηρέτας
425 1845 569 1915 ἐκέλευσεν,
589 1846 624 1908 ὡς
641 1845 707 1919 ἔγνω
730 1834 870 1900 ἀδυνάτους

88 1942 224 2020 ἐσομένους
245 1935 343 2019 έρημίφ
364 1935 463 2014 ἀνδρῶν
479 1932 552 2012 ἄλλῳ
571 1929 660 2011 τρόπῳ
681 1921 869 2007 περιγενέσθαι.

90 2033 120 2106 (a)
138 2030 192 2089 Καί
205 2022 297 2095 ξυνέῦη
312 2023 402 2088 οὕτως·
417 2023 447 2079 οῦ
460 2018 511 2100 γάρ
526 2019 564 2077 ἔτι
582 2018 727 2099 προσῆλθον
742 2017 766 2073 οί
782 2007 870 2091 Συρα-

89 2119 171 2177 κόσιοι
190 2114 233 2173 διδ
243 2112 273 2171 τό
289 2116 359 2191 πῦρ,
372 2109 430 2168 ἀλλ’
444 2105 598 2188 ἀπεχώρουν
619 2104 709 2164 πάλιν.
752 2099 807 2161 Καὶ
821 2096 872 2179 γδιρ

89 2205 152 2285 πρός
171 2228 200 2262 τε
214 2202 257 2261 τὸν
280 2198 374 2258 κύκλον
396 2195 501 2276 βοήθεια
522 2195 573 2266 ἤδη
594 2192 710 2252 κάτωθεν
725 2195 777 2249 τῶν
794 2189 873 2258 Ἀθη-

89 2294 169 2351 ναίων
186 2285 384 2355 ἀποδιωξάντων
404 2283 463 2350 τοῦς
483 2286 539 2342 ἐκεῖ
557 2280 682 2359 ἐπανῄει,
706 2278 792 2338 καλαί
815 2281 874 2348 νῆες

91 2380 137 2458 ἅμ’
152 2382 235 2438 αύτιῦν
249 2379 278 2434 ἐκ
293 2379 340 2446 τῆς
351 2373 461 2454 Θάψον,
474 2371 563 2451 ῶσπερ
576 2369 677 2450 είρητο,
691 2367 834 2427 κατέπλεον
849 2370 874 2434 ἐς

90 2468 134 2526 τὸν
156 2465 237 2544 μέγαν
262 2461 366 2540 λιμένα,
410 2464 441 2538 (ι)
465 2459 497 2518 Ἃ
521 2462 629 2540 δρῶντες
643 2460 667 2516 oi
688 2456 784 2515 ἀνωθεν
805 2455 874 2514 κατὰ

90 2553 170 2632 τάχος
183 2551 312 2630 ἀπῄεσαν,
328 2549 403 2619 καὶὴ
420 2547 546 2625 ξύμπασα
560 2543 671 2625 στρατιά
684 2547 735 2602 τῶν
752 2545 875 2624 Συρακο-

92 2641 155 2699 σίων
170 2644 194 2707 ὲς
212 2638 261 2710 τὴν
276 2637 363 2708 πολιν,
377 2635 530 2713 νομίσαντες
542 2633 579 2712 μὴ
595 2633 627 2691 θιν
642 2633 680 2692 ἔτι
698 2633 750 2692 ἀπὸ
763 2638 810 2704 τῆς
822 2655 875 2692 πα-

95 2727 187 2808 ρούσης
200 2726 273 2808 σφίσι
282 2724 416 2802 δυνάμεως
426 2724 511 2782 ἱκανοί
521 2721 640 2800 γενέσθαι
649 2724 767 2782 κοιλῦσαι
776 2721 820 2781 τὸν
832 2722 876 2782 ἐπὶ

93 2819 140 2886 τὴν
149 2815 284 2874 θάλασσαν
297 2811 441 2891 τειχισμόν.

103 2941 107 2950 -
134 2904 207 2963 Clll.
230 2899 306 2961 Μετθι
320 2899 348 2958 δὲ
371 2904 448 2958 τοῦτο
471 2901 494 2958 ol
509 2897 639 2969 Ἀθηναῖοι
660 2897 784 2977 τροπαῖον
799 2896 878 2970 ἔστ-η-

94 3012 153 3060 ααν,
166 2987 212 3046 καί
223 2988 282 3054 τοῦς
296 2985 401 3066 νεκροὺς
415 2978 593 3050 ὑποσπόνδους
608 2983 739 3042 ἀπέδοσαν
753 2985 806 3051 τοῖς
821 2987 877 3044 Συ-

908 786 1049 847 portarunt,
1060 781 1106 845 ipsi
1117 794 1189 842 xero,
1200 780 1333 843 quumJ'am
1344 784 1368 829 et
1381 779 1487 842 reliquus
1507 776 1693 828 Atheniensium

909 870 1029 921 exercitus
1041 869 1157 918 adversus
1168 881 1211 918 eos
1219 867 1326 927 reniret,
1339 865 1491 917 recedebant.

941 960 992 1008 cll.
1009 960 1170 1010 intereavero
1186 954 1220 1004 illl
1231 969 1262 1004 ex
1274 955 1316 1015 iis,
1327 954 1370 1017 qui
1387 954 1455 1003 initio
1471 953 1501 1002 ad
1516 952 1600 1003 urbem
1614 952 1695 1002 coniu-

910 1048 1007 1107 gerant,
1019 1056 1094 1107 quum
1107 1043 1158 1092 hec
1169 1041 1220 1091 deri
1231 1041 1353 1102 viderent,
1366 1046 1390 1090 et
1401 1040 1446 1104 ipsl
1457 1041 1559 1104 sumptis
1568 1040 1654 1090 animis
1664 1039 1695 1090 ab

912 1133 971 1182 urbe
986 1145 1071 1181 rursus
1082 1131 1158 1180 aciem
1169 1129 1287 1180 adsersus
1299 1129 1456 1179 Athenienses
1470 1128 1515 1178 slbi
1527 1129 1650 1192 oppositos
1661 1127 1696 1177 ln·
1723 1103 1732 1119 ⁰

912 1223 1065 1278 struxerunt,
1078 1222 1102 1268 et
1110 1216 1240 1281 qttamdam
1253 1230 1352 1266 auorum
1364 1221 1455 1279 partem
1464 1216 1581 1265 miserunt
1591 1214 1622 1264 ad
1633 1215 1697 1264 muri

911 1306 1091 1369 ambitum,qui
1098 1305 1211 1368 Epipolas
1222 1304 1347 1367 cingebat,
1359 1303 1523 1353 existimantes
1532 1302 1581 1352 lore
1589 1339 1596 1363 ,
1603 1306 1632 1351 nt
1640 1314 1697 1352 eum

912 1395 1159 1455 desertumcaperent.
1192 1392 1224 1455 (2)
1237 1389 1418 1441 secretiorem
1433 1388 1530 1452 quidem
1538 1387 1621 1438 deoem
1632 1387 1697 1450 iuge·

913 1496 966 1532 rum
982 1481 1152 1540 munitionem,
1163 1493 1238 1543 quant
1250 1479 1407 1528 Athenienses
1418 1477 1533 1537 iecerunt,
1545 1480 1660 1539 ceperunt
1670 1488 1699 1525 ae

913 1569 1163 1633 disipueruntripsum
1170 1581 1229 1617 xero
1236 1566 1297 1616 muri
1305 1566 1423 1615 ambitum
1432 1569 1613 1629 neoeeupareut
1620 1564 1700 1614 Nicias

913 1655 1230 1721 impedirittiortaenimoh
1240 1651 1700 1704 intirmamvaletudiuemrneorulictus

914 1746 983 1806 erat);
1000 1745 1021 1794 is
1037 1746 1102 1794 euim
1117 1744 1242 1793 machinas
1258 1754 1402 1804 omnemque
1417 1740 1556 1802 mamriam,
1571 1753 1627 1804 ques
1643 1743 1701 1790 ante

915 1846 1011 1882 murum
1028 1837 1079 1882 erat
1089 1832 1196 1894 dejecta,
1214 1844 1228 1880 a
1240 1831 1291 1880 suis
1303 1829 1419 1879 ministris
1432 1829 1525 1879 incendi
1533 1828 1620 1890 jussit,
1636 1831 1700 1891 post-

916 1934 989 1984 quam
1007 1919 1190 1980 animadvertit,
1215 1931 1273 1968 suos
1294 1920 1391 1981 propter
1415 1917 1523 1966 virorum
1546 1915 1701 1966 solitudinem

916 2001 1006 2052 nullam
1016 2001 1088 2050 aliam
1098 1999 1209 2050 vincendi
1219 1998 1354 2050 facultatem
1363 1997 1494 2048 habituros.
1529 1997 1563 2059 (³)
1575 2002 1652 2058 Atque
1663 2008 1702 2046 res

916 2085 949 2134 ita
959 2084 1058 2144 cecidit;
1070 2083 1213 2146 syracusani
1224 2082 1287 2133 enim
1297 2086 1394 2145 propter
1404 2080 1542 2130 incendium
1551 2080 1650 2143 propius
1663 2091 1701 2129 ae·

917 2167 1002 2226 redere
1012 2181 1059 2217 nou
1071 2171 1127 2217 sunt
1138 2167 1206 2227 ausi,
1218 2166 1260 2216 sed
1270 2179 1296 2216 se
1305 2172 1369 2216 retro
1379 2164 1530 2227 recipiebant.
1562 2166 1622 2213 liam
1629 2163 1702 2213 etiam

917 2262 946 2300 ex
957 2248 1016 2298 iocis
1028 2247 1192 2306 interioribus,
1203 2246 1338 2297 subsidium
1348 2246 1542 2305 Atheniensium,
1554 2244 1595 2308 qul
1605 2248 1703 2304 stram·

918 2345 989 2381 sanos
1013 2330 1070 2385 illuc
1088 2342 1227 2393 progressos
1247 2327 1349 2378 insecuti
1366 2332 1447 2387 erant,
1465 2325 1497 2374 ad
1517 2325 1634 2376 ambitum
1652 2326 1702 2388 lam

918 2411 1075 2473 succedebat,
1096 2415 1120 2461 et
1136 2410 1206 2460 simul
1220 2409 1304 2459 classis
1322 2423 1405 2459 eorum
1424 2423 1453 2458 ex
1469 2408 1580 2471 Thapso,
1600 2410 1628 2457 ut
1645 2419 1703 2471 pree

919 2499 1016 2558 ceptum
1028 2496 1093 2552 erat,
1106 2492 1129 2540 in
1139 2504 1253 2554 magnum
1264 2495 1361 2554 portum
1373 2489 1508 2551 navigabat.
1541 2489 1574 2550 (l)
1585 2492 1647 2547 Qum
1655 2501 1704 2538 uer·

919 2580 1003 2628 nentes
1011 2575 1045 2625 illi
1055 2573 1211 2636 syracusani,
1221 2573 1263 2635 qui
1276 2573 1300 2621 in
1310 2572 1473 2634 superioribus
1484 2571 1544 2621 locis
1552 2575 1634 2631 erant,
1645 2570 1704 2621 esle-

919 2660 977 2710 riter
987 2659 1109 2718 abiemnt,
1121 2660 1146 2706 at
1158 2656 1265 2719 reliquus
1276 2669 1359 2705 eorum
1369 2656 1449 2705 omnis
1458 2655 1610 2705 exercitusiu
1620 2654 1704 2706 urbem

920 2744 1005 2805 rediit,
1018 2741 1084 2807 qued
1095 2741 1274 2801 existimarent,
1281 2740 1332 2801 jam
1345 2740 1390 2790 sibi
1400 2741 1514 2790 nonsatis
1524 2740 1610 2790 virium
1620 2739 1706 2790 adesse

921 2827 952 2876 ad
961 2826 1138 2889 impediendam
1145 2825 1208 2875 muri
1217 2824 1247 2873 ad
1260 2838 1326 2874 mare
1338 2825 1479 2888 pertinentis
1488 2828 1643 2875 structuram.

953 2912 1018 2959 elil.
1035 2912 1123 2958 Postea
1134 2920 1191 2958 vero
1198 2906 1356 2957 Athenienses
1367 2912 1484 2970 tropeum
1493 2911 1635 2969 erexerunt,
1644 2919 1706 2957 mor·

922 3001 1025 3059 tuosque
1037 2995 1194 3058 Syracusanis
1208 2994 1348 3057 interposita
1365 2993 1412 3044 lide
1427 2994 1523 3057 publica
1536 2993 1706 3055 reddiderunt,

97 3075 244 3158 ρακοσίοις,
261 3076 307 3133 καί
324 3073 383 3142 τοὺς
395 3073 463 3152 μετά
480 3079 612 3151 Λαμάχου
630 3071 675 3130 καί
691 3072 769 3131 αύτδν
788 3071 879 3151 ἔκομί-
922 3089 947 3135 et
958 3085 1070 3135 Lamaohi
1082 3083 1183 3133 comites
1199 3083 1327 3146 ipsumque
1341 3087 1490 3145 receperunt.
1523 3086 1555 3133 Et
1570 3095 1645 3146 quum
1659 3082 1707 3144 lam

96 3188 182 3223 σαντα.
224 3163 279 3222 Καὶ
292 3162 422 3245 παρόντος
431 3161 482 3232 ἤδη
497 3158 569 3240 σφίσι
585 3158 683 3226 παντὸς
692 3165 737 3218 τοῦ
752 3159 879 3241 στρατεύ-
922 3173 1001 3222 omnis
1010 3171 1040 3221 iis
1054 3171 1173 3221 exereitus
1184 3169 1276 3219 navalis
1293 3169 1381 3233 pariter
1393 3173 1418 3218 et
1432 3168 1549 3233 pedestris
1565 3173 1654 3232 praesto
1666 3167 1707 3219 ad·

97 3275 176 3328 tuto<
201 3250 246 3308 καί
272 3257 317 3309 τοῦ
344 3253 466 3308 ναυτῑκῡῧ
493 3247 538 3305 καί
562 3252 608 3305 τοῦ
634 3251 728 3319 πεζοῦ,
752 3247 805 3306 tat
827 3251 879 3307 τῶν
923 3257 1428 3323 esset,ahEpipolisetpraeruptisearum
1440 3256 1707 3319 partibusinitiodueto

99 3338 251 3398 Ἐπιπολῶν
266 3337 311 3396 καί
325 3343 370 3396 τοῦ
385 3334 552 3417 κρημνώδους
565 3333 705 3416 ἀρξάμενοι
718 3334 880 3416 ἀπετείχιζον
924 3349 954 3398 ad
972 3361 1037 3398 utare
1049 3360 1128 3410 usque
1143 3345 1233 3409 duplici
1244 3358 1315 3394 muro
1328 3348 1490 3407 syracusanos
1505 3343 1640 3405 cingebant
1673 3351 1708 3415 (ς)

97 3424 176 3505 μέχρι
197 3431 244 3496 τῆς
261 3426 395 3496 θαλάσσης
415 3424 496 3503 τείχει
517 3425 601 3505 διπλῷ
619 3422 678 3490 τοὺς
692 3424 879 3504 Συρακοσίους.
925 3438 1078 3487 commeatus
1089 3439 1168 3484 autem
1179 3433 1210 3483 sd
1225 3446 1309 3483 eorum
1325 3433 1457 3483 exercitum
1471 3445 1501 3489 ex
1518 3435 1587 3489 ltalia
1602 3439 1709 3505 undique

98 3517 128 3590 (ν)
138 3514 181 3573 Τὰ
196 3514 217 3571 δ’
233 3513 368 3584 ἐπιτήδεια
377 3518 411 3592 τῇ
421 3520 531 3592 στρατιᾷ
544 3510 653 3587 ἐπήγετο
664 3513 694 3569 ἐκ
705 3516 751 3583 τῆς
765 3511 881 3580 Ἰταλίας
925 3524 1126 3588 comportabatur.
1159 3525 1370 3574 Veneruntautem
1380 3521 1452 3576 ellam
1461 3540 1491 3577 ex
1500 3527 1587 3578 siculis
1598 3528 1668 3578 multi
1678 3528 1709 3578 ad

98 3605 271 3680 πανταχόθεν.
296 3592 396 3661 Ἦλθον
412 3599 439 3658 dl
454 3598 566 3657 καὶτῶν
581 3601 697 3661 Σικελῶν
713 3599 806 3658 πολλοὶ
817 3598 882 3679 ξύμ·
926 3613 1083 3663 Athenienses
1095 3613 1167 3675 socii,
1185 3614 1226 3675 qui
1246 3613 1313 3677 prius
1329 3612 1385 3664 belli
1401 3619 1516 3664 eventum
1533 3616 1709 3680 circumspicie-

100 3712 182 3768 μαχοι
201 3697 253 3754 τοῖς
272 3687 430 3760 Ἀθηναίοις,
448 3685 473 3746 οἳ
486 3685 609 3768 πρότερον
626 3690 820 3768 περιεωρῶντο,
836 3689 882 3748 καί
926 3702 983 3751 hant
992 3737 998 3762 ,
1007 3705 1066 3751 etex
1076 3701 1188 3751 iletruria
1200 3703 1249 3751 tres
1258 3713 1346 3763 neves,
1359 3715 1415 3763 ortae
1427 3701 1526 3765 singulte
1538 3704 1710 3768 quinquaginta

98 3780 128 3835 ἐκ
140 3781 187 3845 τῆς
198 3775 347 3855 Τυρρηνίας
357 3780 414 3847 νῆες
425 3773 625 3855 πεντηκόντοροι
635 3777 712 3857 τρεῖς.
736 3768 882 3836 Καίτάλλα
926 3789 998 3840 remis
1004 3789 1143 3851 agebantur.
1161 3789 1269 3851 Denique
1276 3791 1354 3838 cetera
1361 3802 1458 3853 quoque
1465 3791 1496 3839 iis
1502 3805 1547 3855 pro
1557 3805 1599 3855 spe
1606 3806 1710 3843 suasus·

98 3862 246 3943 προυχώρει
258 3866 345 3930 αὐτοῖς
364 3865 390 3930 ἱς
409 3863 525 3929 ἐλπίδας.
569 3865 599 3939 (o)
617 3863 672 3922 Καί
685 3861 736 3941 γάρ
753 3867 777 3922 ol
792 3867 883 3946 Σιρα-
926 3876 1050 3927 cedebant.
1085 3877 1710 3943 (3)EtenimSyracusaniuonampliusexistimabant,

98 3953 181 4010 κόσιοι
201 3949 311 4031 πολέμῳ
331 3949 378 4028 μὲν
400 3949 485 4009 οὐκέτι
507 3950 622 4027 ἐνόμιζον
638 3949 669 4010 θν
687 3957 882 4031 περιγενέσθαι,
927 3965 989 4015 bello
999 3977 1026 4014 se
1035 3964 1170 4027 superiores
1180 3977 1312 4025 evasuros,
1323 3965 1389 4026 quod
1400 3978 1430 4015 ue
1439 3979 1470 4014 ex
1483 3966 1648 4029 Peloponneso
1658 3968 1711 4030 qul·

100 4045 134 4108 ώς
146 4043 233 4107 αὐτοῖς
247 4040 305 4099 οῦδὲ
317 4040 370 4098 ἀπὸ
384 4045 431 4112 τῆς
446 4041 647 4112 Πελοποννήσου
662 4040 761 4122 ὠφελία
775 4044 883 4113 οὐδεμία
927 4052 982 4102 dem
992 4051 1190 4102 ullumauxilium
1199 4051 1229 4100 ad
1239 4065 1281 4101 eos
1288 4052 1413 4112 veniebat,
1425 4056 1450 4103 et
1458 4066 1533 4116 quum
1541 4053 1711 4116 interselpsos

99 4120 171 4200 ἧκεν,
185 4129 244 4193 τοὺς
256 4126 283 4185 δὲ
294 4127 386 4205 λόγους
399 4127 425 4186 ίν
437 4151 465 4186 τε
475 4129 562 4210 σφίσιν
574 4130 660 4195 αὐτοῖς
674 4133 806 4189 ἐποιοῦντο
821 4129 849 4198 lu
871 4165 884 4176 -
927 4140 958 4189 de
973 4139 1146 4202 compositione
1159 4139 1265 4189 iacienda
1278 4152 1347 4202 agere
1358 4143 1497 4203 eruperunt,
1510 4144 1561 4189 tum
1572 4141 1645 4190 etiam
1654 4153 1711 4191 eum

101 4214 223 4281 ύατικοὺς
238 4215 358 4295 καὶπρὸς
371 4216 412 4274 τὸν
427 4215 531 4276 Νικίαν·
544 4208 616 4283 οὗτος
630 4216 680 4298 γάρ
695 4214 726 4288 δὴ
742 4155 885 4297 μόνοςείχε
928 4225 1248 4286 ilicia3hieenimdeluncto
1257 4226 1512 4290 Lamachoimperium
1522 4227 1709 4277 solushobebat.
1802 4196 1814 4215 ⁵

101 4302 233 4381 Λαμάχου
243 4307 381 4369 τεθνεῶτος
393 4303 441 4374 τλν
457 4303 551 4383 ἀρχήν.
595 4306 628 4382 (ι)
646 4304 700 4364 Καὶ
713 4305 825 4386 κύρωοις
837 4306 885 4383 μέν
928 4313 962 4375 (l)
972 4315 1002 4362 ut
1015 4312 1075 4361 nibil
1086 4311 1184 4374 quidem
1196 4312 1379 4373 transigebatur,
1392 4313 1488 4373 sed,ut
1503 4313 1554 4363 lieri
1570 4316 1632 4365 solet
1648 4315 1711 4366 inter

100 4387 209 4465 οὐδεμία
224 4388 352 4466 ἐγίγνετο,
367 4382 408 4447 οἶα
428 4389 455 4447 δὲ
471 4390 539 4457 εἰκὸς
556 4391 697 4472 ἀνθρώπων
717 4390 884 4474 ἀπορούντων
930 4399 1038 4450 homiues
1056 4399 1148 4448 consilii
1165 4399 1249 4462 inopes
1266 4404 1291 4448 et
1308 4399 1432 4450 obsidione
1449 4401 1540 4450 arctius
1555 4404 1627 4464 quam
1641 4407 1710 4452 antea

102 4474 147 4531 καί
168 4477 268 4552 μᾶλλον
291 4475 308 4545 ἢ
329 4477 388 4557 πρὶν
411 4477 647 4556 πολιορκουμένων,
673 4479 760 4539 πολλὰ
783 4480 886 4559 ἐλέγετο
929 4500 1038 4550 pressos,
1053 4487 1129 4534 multa
1142 4490 1167 4535 et
1179 4485 1244 4549 apud
1260 4486 1328 4536 illuni
1345 4488 1474 4549 agebantur
1488 4489 1711 4551 etpluraatiamlo

103 4561 166 4641 πρός
184 4585 212 4619 τε
227 4564 323 4620 ἐκεῖνον
338 4562 383 4620 καί
402 4563 484 4621 πλείω
506 4563 542 4623 ίτι
557 4563 626 4623 κατθ
639 4564 687 4637 τὴν
700 4565 787 4627 πόλιν.
831 4565 885 4628 Καὶ
929 4573 997 4622 urbe.
1030 4572 1124 4622 Etenim
1133 4576 1159 4623 et
1168 4573 1279 4636 quedam
1291 4579 1375 4624 mutua
1386 4575 1490 4637 suspicio
1500 4579 1596 4637 propter
1607 4588 1711 4638 praeseu-

102 4648 153 4728 γάρ
167 4650 279 4706 τινακαὶ
293 4650 404 4730 ὑποψίαν
419 4651 470 4710 ὑπὸ
482 4656 534 4710 τῶν
549 4651 684 4732 παρόντων
696 4659 784 4712 κακῶν
798 4657 824 4722 ἐς
837 4657 885 4712 ἀλ·
930 4662 963 4711 tia
972 4660 1034 4710 mala
1045 4661 1107 4711 inter
1119 4661 1184 4724 ipsos
1193 4666 1244 4710 erat
1254 4666 1320 4723 orta,
1333 4661 1433 4724 ideoque
1445 4666 1470 4711 et
1481 4661 1597 4723 ducibus,
1607 4659 1710 4727 quorum

106 4735 200 4805 λήλους
220 4728 302 4815 εἶχον,
323 4737 368 4794 καί
387 4736 448 4804 τοῦς
468 4737 629 4817 στρατηγούς
651 4763 678 4798 τε
696 4741 736 4822 ἔφ’
750 4732 786 4799 ῶν
801 4746 887 4809 αὐτοῖς
930 4747 1004 4799 ductir
1020 4749 1072 4798 luco
1085 4748 1115 4798 iis
1128 4749 1276 4811 acciderant,
1289 4748 1357 4812 qttasi
1369 4751 1465 4812 propter
1474 4748 1568 4798 illorum
1584 4750 1621 4800 rel
1635 4749 1710 4800 inteli-

104 4828 187 4880 ταῦτα
204 4814 298 4895 ξυνέύη
317 4823 485 4892 trencardi<
503 4825 521 4897 ἢ
536 4826 691 4906 δυστυχίφῆ
711 4828 837 4910 προδοσίᾳ
853 4833 886 4909 τῇ
930 4840 1028 4887 ertatem
1038 4837 1078 4886 rei
1088 4836 1246 4899 proditionem
1262 4836 1342 4886 clades
1353 4837 1496 4898 acciperent,
1509 4836 1634 4900 imperium
1644 4836 1711 4886 abro-

105 4908 209 4967 ἐκείνων
224 4911 408 4989 βλαπτόμενοι,
417 4912 463 4970 καί
476 4913 570 4980 ἀλλους
579 4914 733 4989 ἀνθείλοντο,
744 4915 888 4997 Ἡρακλεί-
930 4931 1030 4989 garum,
1040 4929 1064 4975 et
1072 4925 1133 4975 alios
1144 4925 1169 4974 in
1180 4925 1276 4974 illorum
1290 4924 1370 4973 locum
1380 4923 1710 4986 comprehensurum

106 4997 153 5068 δην
165 4997 210 5055 καί
226 4998 331 5058 Εὐκλέα
345 4999 390 5057 καί
401 5000 526 5061 Τελλίαν.
930 5017 955 5063 et
964 5013 1060 5063 Euclem
1069 5017 1094 5063 et
1105 5011 1212 5062 Telliam.

147 5086 220 5146 CIV.
241 5085 287 5146 Ἐν
303 5086 330 5145 δὲ
344 5085 427 5167 τούτῳ
442 5090 576 5154 Γύλιππος
590 5092 604 5146 ὁ
621 5090 825 5168 Λακεδαιμόνιος
842 5092 888 5150 καί
962 5104 1025 5153 ow.
1043 5104 1200 5153 intereavero
1209 5099 1325 5164 Gylippus
1333 5097 1574 5161 hermamonem
1584 5099 1711 5151 naresoo·
