3676 5828
685 352 858 413 scflom.
884 354 952 427 vn,
977 364 1101 416 19-28.
1633 375 1687 427 m

98 488 147 558 λῆς
165 483 314 562 γενομίνης]
337 485 389 542 τῶν
408 481 621 560 Λακεδαιμονίων
635 483 662 548 ίς
678 481 725 554 τῆν
743 482 873 555 Ἄττικῆν.
915 483 1105 565 Ἐποτρύνωσι]
1125 485 1313 548 έπισπεύσωσι.
1334 523 1374 536 -
1392 488 1512 568 Γέμοντα
1532 493 1688 574 χρημάτων]

96 607 137 620 -·
148 572 315 650 Διάκωλυθῆ]
329 572 346 642 ἡ
364 569 469 650 βοήθεια
481 569 608 640 δηλονότι.
623 604 662 615 -
676 591 697 629 ε.
710 572 874 651 Εὐκαθαιρε-
915 571 960 629 καί
980 573 1023 630 ἐπὶ
1040 576 1092 631 τῶν
1105 574 1235 653 τυχόντων
1247 575 1411 655 πραγμάτων
1429 578 1463 637 τά
1476 579 1602 659 χρήματα
1617 584 1690 660 λαμ-

96 655 234 741 τωτέρους]
248 657 443 739 εύχειροτέρους.
454 696 487 708 -
499 658 545 717 Ἐν
560 659 693 735 σπονδαῖς]
707 657 762 715 ἀντί
773 663 817 715 τοῦ
832 660 875 716 ού-
916 656 1039 735 ῦάνεται,
1058 659 1103 717 καί
1116 662 1175 739 οὐχ,
1198 659 1283 741 ὥςπερ
1304 669 1347 721 νῦν
1363 664 1509 741 ἀδοκίμως,
1531 668 1574 725 ἐπὶ
1589 664 1690 749 χρυσοῦ

97 751 149 807 σῶν
172 747 299 804 σπονδῶν.
318 784 351 794 -
366 746 419 804 Καὶ
442 743 589 825 εἰρημένον]
615 745 693 820 ἤγουν
717 743 874 821 τεταγμένου
915 744 1691 832 καὶπολυτίμωνεἰδῶν-πίίαυλωνιάτιδι]γῆ-Ἔτος.

26 906 31 913 .
68 831 142 895 εκαί
152 832 332 912 κεκυρωμένου
341 831 466 897 ὄντος.-
482 830 715 912 Προκαλουμένων]
726 830 873 890 κινούντων.
915 854 953 907 μα
967 823 1011 913 ἤν]
1026 832 1129 911 πρὸςτὸ
1143 840 1284 913 ναυπηγεῖν
1299 837 1424 909 δηλονότι.
1440 859 1504 900 -ι,
1520 841 1719 911 Φυλάξαντιςιι

95 953 136 966 -
149 919 201 980 Διά
214 920 300 998 τοῦτο]
310 918 354 978 διά
367 917 397 977 τὸ
411 919 638 999 παρασπονδῆσαι.
650 953 691 964 -
703 939 726 979 ι.
748 917 874 994 Ἑτοίμα-
914 918 937 974 δ’
952 919 1055 997 αὐτοὺς]
1070 920 1229 1000 τηρήσαντες
1242 923 1332 1005 καιρὸν
1347 928 1383 992 είς
1398 925 1427 984 τδ
1443 927 1576 986 ἐπιθέσθαι
1595 932 1690 999 αὐτοῖς.

96 1007 151 1085 ζον]
914 1039 954 1050 -
965 1027 986 1065 ε.
1010 1007 1228 1087 Προςαγαγόντες]
1248 1019 1301 1078 τοῖς
1320 1011 1491 1093 σταυρώμασι
1509 1016 1636 1086 δηλονότι.
1652 1052 1692 1064 -

158 1117 198 1173 Ἐς
207 1118 248 1176 την
259 1117 336 1180 μάχην
346 1120 421 1167 τεκαὶ
433 1117 553 1181 έτοῖμαζον
562 1117 655 1180 γράφειν
916 1093 989 1150 Νοῦν
1003 1092 1170 1174 μνριοφόρον]
1181 1095 1307 1174 μεγάλην,
1316 1098 1460 1176 δυναμένην
1472 1100 1591 1168 δέξασθαι
1600 1104 1691 1184 μυρίον

156 1191 198 1244 τῆς
208 1186 364 1246 ’Δττιιιῆςοδιι
375 1187 447 1249 εστιν,
459 1188 507 1236 ἀλλ’
518 1188 627 1243 Ἱωνίδος.
915 1176 1016 1258 φόρτον.
1036 1218 1067 1231 -
1087 1202 1108 1240 ο.
1119 1183 1176 1242 Καί
1192 1185 1421 1265 παραφράγματα]
1438 1187 1514 1264 ἤγουν
1533 1192 1689 1269 παραπετά-

57 1318 83 1358 1⁰
97 1332 137 1344 -
149 1298 323 1379 Θουκυδίδης]
751 1261 755 1270 ’
915 1287 1022 1376 σματαχ
1035 1299 1067 1311 -
1085 1266 1193 1329 Ὤνευον
1206 1271 1374 1376 ἀναδούμενοι
1386 1273 1445 1382 τοδφ
1457 1276 1592 1383 σταυρούς]
1609 1279 1624 1308 ⁴
1638 1278 1693 1346 όνος
1707 1302 1732 1340 ιο

158 1431 207 1484 οε
219 1429 627 1494 τοιιιιωωοταυνυω
914 1352 1329 1517 IIIZIIJIZ‘I‘IIY'33I
1344 1363 1521 1526 ζῆζέῆμὲῖῖ
1534 1366 1630 1529 ῖῖζῖῗ
1641 1366 1692 1511 If,

136 1543 213 1602 xlx.
232 1527 258 1602 ε.
271 1542 423 1622 Ἐπιφανές]
437 1542 493 1601 ἀντὶ
507 1548 553 1600 τοῦ
564 1541 720 1622 καταφανές.
733 1575 773 1588 -·
784 1563 806 1602 ε.
822 1541 874 1601 Ἂν·
915 1526 1030 1587 ουυτίυυ
1048 1531 1214 1608 πατουμένη,
1233 1533 1277 1614 ἄγ’
1302 1526 1333 1605 ἧς
1353 1535 1552 1616 περιόάλλοντεε
1590 1540 1693 1619 βρόχοις

95 1627 409 1741 ὥρμουνχᾶντηηλίσαφ,
914 1613 971 1682 τοὺς
985 1616 1110 1697 σταυροὺς
1123 1619 1215 1700 ρφδίως
1229 1622 1258 1679 lx
1275 1626 1321 1679 τοῦ
1337 1625 1415 1700 βυθοῦ
1430 1622 1558 1682 ἀνέσπων·
1574 1624 1629 1684 έοτι
1642 1626 1693 1708 γάρ

135 1717 197 1776 XX.
232 1715 372 1799 ῼείρητο]
386 1715 490 1797 ὥριστο.
508 1751 549 1761 -
564 1737 584 1776 ο.
604 1716 653 1776 Ἐκ
666 1715 826 1795 καταλόγου]
845 1718 874 1774 έκ
914 1703 1054 1782 ἧμῦχουθ
1071 1706 1113 1763 ἐπὶ
1133 1712 1253 1766 τουοῧυου
1269 1708 1419 1787 βῑοῑοῖοῖῖηι
1433 1710 1496 1778 <Im
1514 1712 1559 1770 καί
1573 1713 1689 1791 ουΥθυηυ
1707 1734 1731 1773 ¹⁶

56 1825 83 1866 1⁸
95 1805 147 1860 τῶν
167 1801 339 1882 αὐτοχθόνων,
363 1838 404 1849 ,.
429 1804 656 1884 Ξυμποργσανῃς]
681 1802 815 1869 λαθόντες,
834 1838 874 1848 ..
916 1791 1023 1869 βαρεῖαν
1037 1791 1089 1850 ὑπὸ
1100 1792 1146 1850 δύο
1164 1795 1263 1874 ἀνδρῶν
1282 1793 1385 1862 ἀπόνως
1398 1795 1529 1859 ἕλκεσθαι.
1544 1801 1653 1858 καλοῦσι
1664 1799 1692 1859 δέ

96 1888 189 1969 Αὐτῷ]
203 1892 241 1968 τῷ
256 1890 424 1966 Δημοσθένει.
436 1925 476 1937 --
487 1910 510 1952 ο.
527 1889 711 1970 Παραλαύεῖν]
726 1890 777 1948 ἀπὸ
788 1895 873 1948 κοινοῦ
915 1875 962 1946 Τθν
985 1878 1106 1957 μηχουθυ
1129 1883 1153 1939 οί
1175 1880 1234 1948 τους
1251 1882 1459 1962 χυμυιλίχουιας
1479 1883 1596 1953 ἕλκοντες
1612 1888 1693 1955 ἁλιεῖς

99 1972 299 2054 &magma
914 1963 1060 2036 ἤλακάτην.
1075 1967 1294 2049 ἐρρωμενέστερον
1309 1970 1336 2027 δὲ
1351 1970 1414 2050 πρδς
1425 1970 1473 2042 τῆν
1489 1972 1626 2032 ἀνέλκυοιν
1640 1995 1692 2033 ιια-

45 2084 49 2091 .
135 2063 212 2122 χχχ
233 2082 256 2120 ,ι
268 2061 325 2121 Ἀπ’
337 2064 429 2141 αὐτοῦ]
443 2069 489 2122 τοῦ
501 2064 656 2142 „myth
666 2097 707 2108 ...
717 2083 739 2123 ³.
750 2062 797 2135 Μ]
813 2066 874 2123 ᾶηυ.
915 2049 1051 2124 θίοταται,
1064 2052 1126 2112 ὅταν
1138 2054 1183 2112 καί
1192 2057 1294 2135 δίκρουν
1306 2055 1379 2123 ξύλον
1390 2057 1442 2137 πρὸ
1452 2060 1531 2130 αὐτῆς
1542 2059 1636 2131 τεθείη·
1649 2063 1691 2119 ln,

96 2147 154 2223 μεῖν
168 2147 427 2229 ἀπιχειρῆσειν]ύπέρ
440 2155 485 2218 τοῦ
499 2149 536 2225 μὴ
551 2130 634 2208 θκνέῖν
646 2151 812 2230 ἐπιχειρῆσαι
822 2154 874 2216 τοῖς
915 2138 1011 2207 εὐθείας
1021 2141 1072 2221 γδιρ
1085 2146 1101 2212 ἤ
1115 2142 1267 2209 ἀντίστασις
1277 2148 1329 2201 τῶν
1341 2145 1517 2221 ἀνελκομένων
1529 2146 1637 2220 γίνεται.
1651 2182 1687 2193 -
1704 2164 1730 2203 ευ

57 2254 87 2296 εο
100 2233 242 2304 Ἀθηναίοις
255 2233 321 2293 κατά
329 2236 473 2293 θάλασσαν·
485 2234 502 2306 ἦ
515 2235 580 2315 ὑπὲρ
593 2242 639 2294 τοῦ
652 2235 688 2313 μῆ
700 2235 818 2296 δεδιέναι.
832 2269 872 2282 -·
914 2246 936 2286 ⁷·
951 2224 984 2286 Ἡ
999 2227 1113 2308 κρύους]
1126 2229 1271 2310 οταῦρωυυς
1285 2232 1410 2302 δηλουότο·
1423 2266 1459 2276 -·
1473 2231 1577 2312 Ἔρμα]
1589 2234 1691 2315 φαράγ-

96 2319 166 2382 Ὑπθ
180 2320 292 2401 Μήδων]
306 2325 358 2379 τῶν
372 2320 439 2398 μετά
456 2321 564 2403 Ξέρξου.
578 2358 617 2368 -
634 2323 689 2382 Καὶ
701 2324 765 2403 πρὸς
779 2324 873 2405 άνδρας
914 2337 971 2391 W·
987 2349 1026 2359 ··
1037 2315 1161 2395 Τούτους]
1174 2317 1233 2384 τοὺς
1246 2317 1366 2398 κρυφίους
1377 2318 1512 2400 οταυροῦς.
1526 2355 1564 2366 -
1577 2320 1692 2381 Ἐσταύ-

94 2406 239 2488 τολμηρούς
251 2409 292 2487 ...]
304 2409 383 2486 ἤγουν
395 2408 574 2477 καὶτοῖςούτω
584 2411 740 2489 τολμηροῖς,
751 2414 787 2477 ὡς
799 2411 874 2483 Ἀθη-
915 2409 1011 2479 ριοσοιν]
1027 2402 1084 2470 τούς
1097 2405 1222 2484 σταυροὺς
1235 2404 1393 2477 κατέπηξαν.
1409 2441 1450 2451 -
1463 2429 1484 2467 ν.
1495 2405 1559 2467 Ὀτι
1571 2410 1598 2465 έν
1612 2409 1688 2466 ἐλπί·

93 2495 163 2554 ναῖοί
181 2497 246 2572 είσι,
262 2494 320 2562 τοὺς
344 2477 555 2575 ἀντιτολμῶιῖτας
566 2496 769 2609 φοὸερωτάτους
787 2497 871 2577 ραν]-
914 2511 953 2545 σιν
966 2489 1027 2566 εἰσί]
1042 2494 1088 2547 τοῦ
1098 2492 1239 2571 κρείττονες
1251 2493 1363 2553 ἔσεσθαι.
1378 2529 1418 2538 -
1429 2493 1608 2573 Ξυμόοηθεῑν]
1624 2494 1690 2573 βοη-

94 2587 196 2641 σεσθαι.
213 2616 253 2627 -
271 2573 372 2666 ᾯγθιρ
392 2584 541 2660 ἐκεῖνοι...]
562 2583 649 2663 ῳγάρ
671 2586 776 2654 ἐκεῖνοι,
792 2583 871 2663 φησί,
914 2580 983 2632 θῑῑυυ
1001 2575 1124 2653 πέμπειν.
1139 2613 1179 2624 -·
1199 2580 1382 2660 Προςδοιιίμων
1407 2581 1500 2659 όντων]
1526 2581 1689 2662 θαρρούντων
1702 2592 1728 2631 2⁸

55 2668 204 2750 ωφοόοῦσι
215 2668 274 2735 τοὺς
286 2668 381 2739 πέλας,
397 2668 516 2728 τουτέστι
528 2668 571 2727 διὰ
586 2670 678 2750 θράσος
690 2669 735 2727 καί
747 2669 807 2749 οὐχ]
828 2670 870 2728 διὰ
914 2662 980 2740 ἄλλῃ
1008 2675 1132 2747 στρατιᾷ,
1160 2668 1315 2746 έλενσομένη
1337 2667 1462 2739 δηλονότι.
1485 2701 1525 2711 -
1547 2667 1587 2728 Τθ
1608 2671 1692 2750 παρὀν

95 2753 227 2831 δυνάμεως
248 2754 388 2834 ὑπεροχὴν,
403 2754 486 2836 τούτῳ
511 2754 543 2814 ἂν
564 2756 609 2814 κα]
624 2757 674 2814 ὑπὸ
688 2756 872 2836 Συρακουσίων
913 2749 1075 2830 στράτευμα]
1094 2753 1123 2811 τθ
1134 2757 1185 2811 τῶν
1200 2755 1340 2825 Ἀθηναίων
1354 2754 1417 2835 φησί
1430 2753 1613 2835 στρατόπεδον.

94 2842 284 2922 ίκφούῆσεσθαι
300 2841 359 2909 τοὺς
377 2842 531 2912 Ἀθηναίους.
545 2877 586 2889 -
600 2842 742 2922 Ὑποσχεῖν
770 2844 872 2902 ὑπολα-
952 2839 1056 2900 XXVI.
1079 2839 1224 2918 Ξυνελέγη]
1237 2841 1415 2920 συνηθροίσθη.
1428 2876 1467 2886 -
1476 2838 1564 2920 Ἄρας]
1578 2841 1611 2899 τά
1620 2841 1688 2901 ίστίο

95 2927 160 2999 δεῖν,
183 2931 372 2999 άπαιτηθῆναι,
388 2926 406 2998 ἢ
423 2929 589 2987 θποόάλλειν.
614 2963 654 2973 -
670 2949 692 2989 ι.
719 2933 757 2989 Ευ
778 2929 872 2988 εἰδέναι
913 2924 1092 2995 δηλονότι-
1108 2928 1272 3006 Ξυμμίογει]
1292 2932 1401 2987 ἑνοῦται.
1417 2962 1457 2973 -
1472 2929 1689 3009 Παραλαὸόυοῑι]

95 3014 146 3095 έφη
161 3017 201 3094 ...]
223 3015 317 3074 εἰδέναι
334 3014 411 3096 φησίν
431 3012 471 3073 ότι
489 3013 677 3095 Συρακούσιοι,
696 3015 872 3092 τολμήσαντες
913 3011 969 3068 ἀντὶ
983 3018 1027 3070 τοῦ
1048 3014 1229 3081 ἀνυδυὸουοες.
1244 3007 1329 3094 ’,ἤτο
1342 3039 1369 3094 χ·
1388 3019 1430 3092 §I
1446 3015 1493 3092 μέν
1520 3016 1630 3088 δολίους
1655 3020 1728 3084 ὧιίθ

56 3125 84 3166 ⁸⁰
97 3104 248 3172 ἀντιστῆναι
265 3101 329 3182 πρός
348 3101 378 3159 τὸ
396 3105 448 3159 τῶν
468 3101 608 3171 Ἀθηναίων
624 3101 754 3171 ναυτικὸν,
772 3104 871 3178 μᾶλλον
913 3094 950 3171 μὴ
967 3097 1079 3177 ἐρέσσειν
1093 3100 1375 3180 παραλαμόάνεται,θ
1395 3103 1423 3159 δὲ
1437 3100 1532 3172 ναύτης
1550 3107 1585 3169 ὡς
1599 3126 1688 3161 κοινω-

96 3187 421 3269 αύτοδςτῷάπροςδοκῆτῳ
429 3187 642 3260 καταπλήξαντες
653 3189 795 3268 βλάψουσιν
804 3188 871 3269 ἤπερ
912 3182 953 3248 νὸς
977 3188 1024 3254 τῆς
1050 3185 1162 3263 εἰρεσίας
1183 3187 1357 3265 λαμόάνεται.
1379 3223 1420 3234 -
1441 3209 1462 3247 α.
1485 3193 1543 3262 Τῆς
1565 3191 1689 3269 λιμηρᾶς]

96 3274 207 3342 έκείνους
218 3279 242 3333 οί
250 3275 377 3346 Ἀθηναῖοι
387 3274 429 3333 διὰ
436 3280 481 3346 τῆς
492 3275 557 3342 ἰδίας
567 3275 702 3355 ἐμπειρίας
714 3278 749 3342 εἰς
758 3275 805 3347 τῆν
817 3285 871 3335 πεῖ·
911 3269 990 3345 ἤγουυ
1003 3275 1049 3341 τῆς
1062 3272 1226 3354 κυτυξήρου,
1239 3281 1284 3344 Τῆς
1298 3277 1406 3342 ἷυδῑοῧε·
1422 3276 1567 3336 -Αὖτόυο
1580 3279 1690 3354 αὖτομο·

95 3368 337 3442 ρανςοῦυαυῃχοῦ,
911 3358 1000 3428 λῶσιν]
1024 3359 1104 3434 ἤγουν
1124 3362 1159 3427 εἰς
1176 3361 1206 3419 τδ
1227 3363 1354 3438 ίσθμῶδες
1372 3361 1468 3443 χωρίον
1490 3363 1627 3443 φεύγωσιν.
1650 3397 1691 3408 -

135 3449 228 3508 xxll.
251 3449 301 3508 Ἐκ
321 3453 365 3506 τοῦ
386 3447 534 3518 ἐλάσσονος]
553 3446 656 3525 λιμένος
676 3446 804 3519 δηλονότι.
830 3483 870 3494 -
910 3464 932 3502 ³.
941 3445 1455 3528 Ξυγιιατ.]ουμπεριέγραρετδμέγεθος,
1468 3450 1513 3508 καί
1520 3448 1686 3528 μικράνάνά-
1700 3470 1726 3507 ιιι

56 3563 83 3602 υς
97 3535 168 3614 Πρὸς
186 3533 233 3602 τὰς
250 3534 320 3600 ἐντὸς
337 3533 483 3615 προσμῖξαι]
499 3543 555 3602 ταῖς
574 3534 651 3601 ἰδίαις
666 3543 723 3601 ταῖς
741 3534 810 3602 ἐντός
824 3542 870 3595 τοῦ
910 3534 1023 3590 τασινέκ
1037 3536 1083 3603 τῆς
1096 3535 1243 3612 οἰκοδομίας
1255 3537 1439 3617 προςδέδωκεν.
1450 3571 1490 3583 -
1502 3536 1688 3616 Ἐξετείχισεν]

94 3621 210 3700 μεγάλου
230 3622 332 3697 λιμένος
352 3620 487 3698 συμμῖξαι.
505 3657 543 3667 -
562 3642 584 3680 υ.
605 3620 869 3701 Ἄντιπληρώοαντες]
912 3620 948 3684 είς
959 3618 1030 3686 τέλος
1043 3621 1136 3697 ἤγαγε.

94 3710 131 3775 είς
151 3708 354 3788 ἀντιπαράταξιν
373 3712 425 3766 τῶν
444 3707 639 3790 Συρακουσίων.
661 3742 700 3753 -
716 3711 751 3768 0]
768 3708 827 3787 μέν]
847 3714 871 3768 οἱ
952 3708 1069 3766 XXVII.
1090 3710 1144 3766 Τοῦ
1162 3712 1260 3768 Διακοῦ
1274 3712 1376 3789 γένους]
1393 3709 1520 3792 γράφεται
1540 3713 1591 3768 τῶν
1604 3715 1687 3769 Λακι-

95 3793 278 3874 Συρακούσιοι.
912 3798 968 3852 κοῦ.
1010 3795 1067 3852 Δῖοι
1089 3799 1202 3875 Θρφκῶν
1224 3795 1309 3873 γένος,
1329 3801 1365 3864 ὡς
1383 3798 1460 3864 αὐτος
1479 3801 1505 3856 ἐν
1525 3803 1558 3876 τῆ
1579 3798 1686 3878 δευτέρᾳ

133 3884 240 3943 XXIII.
263 3882 310 3941 Ἐν
327 3881 411 3962 τούτῳ
425 3880 463 3954 δέ]
479 3887 515 3964 τῷ
531 3886 614 3962 καιρῷ
630 3881 757 3955 δηλονότι.
772 3916 812 3928 -
824 3883 869 3942 Ἐν
910 3879 978 3955 λέγει
992 3881 1026 3957 [ο.
1042 3882 1086 3953 νο]
1101 3916 1141 3926 -·
1153 3882 1206 3949 Οθς
1218 3883 1285 3956 ἔδει]
1300 3885 1376 3963 χρεία
1391 3878 1430 3956 ῆν,
1442 3885 1584 3966 ὡρισμένον
1597 3877 1638 3957 ἤν.
1648 3919 1688 3930 -
1700 3896 1727 3936 ου

54 4009 81 4050 4⁰
93 3970 131 4049 τῷ
141 3968 323 4050 Πλημμυρίιρ]
329 3970 408 4047 ἤγουν
419 3972 445 4027 έν
454 3974 491 4050 τῷ
505 3968 618 4050 φρουρίῳ
631 3973 668 4048 τῷ
683 3972 709 4027 ἐν
722 3973 760 4046 τῶ
774 3971 870 4045 Πλημ-
910 3987 932 4026 ε.
944 3967 1102 4049 Ὡςῧοτερον
1115 3961 1195 4041 ἤκον]
1211 3969 1278 4046 μετὰ
1291 3972 1321 4030 τὸ
1335 3974 1497 4031 ἀποπλεῦσαι
1514 3972 1631 4044 δηλονότι
1644 3971 1688 4030 τόν

94 4055 189 4137 μυρίῳ.
205 4084 235 4096 ··
250 4055 307 4127 Τῆν
323 4056 429 4133 γνώμην
442 4057 630 4136 προςεχόντων]
645 4057 689 4115 τόν
709 4062 776 4116 νοῦν.
792 4059 809 4132 §
823 4056 870 4128 τὴν
910 4054 1090 4129 Δημοσθένην.
1115 4090 1154 4100 -
1179 4057 1323 4123 Πολυτελές
1338 4059 1471 4137 ἐφαίνετο]
1493 4059 1686 4131 πολυδάπανον,

93 4142 243 4221 ναυμαχίαν
258 4141 429 4223 θεωρούντων.
443 4181 474 4193 -
493 4144 615 4223 Πρῶτον]
636 4144 715 4220 ἤγουν
737 4142 805 4201 κατὰ
822 4143 869 4214 τῆν
911 4141 1069 4222 δαπανηρὸν,
1083 4141 1168 4201 πολλὰ
1182 4146 1278 4202 τελοῦν·
1292 4137 1355 4212 ἐξοῖ
1370 4145 1415 4204 καί
1427 4145 1564 4211 πολυτελές
1575 4147 1685 4205 δεῖπνον.

92 4228 200 4310 πρώτην
212 4229 336 4298 είςύολῆν.
350 4263 388 4274 -
398 4250 420 4288 2.
431 4229 477 4295 Ἐς
489 4228 519 4287 τὸ
532 4229 714 4310 στρατόπεδον]
730 4230 759 4287 τό
770 4234 868 4288 ἑαυτῶν
909 4263 950 4273 -
969 4249 990 4287 ο.
1013 4228 1081 4289 Ὑπὸ
1091 4229 1177 4299 πάσης
1192 4234 1239 4299 τῆς
1258 4239 1395 4310 στρατιᾶς]
1408 4235 1459 4288 τῶν
1474 4233 1685 4308 Λακεδαιμονίου

93 4316 221 4388 δηλονότι.
234 4351 274 4361 -
289 4315 487 4387 Ἐπεδιύικοντο]
507 4319 531 4375 οί
543 4319 572 4374 ἐκ
588 4322 633 4374 τοῦ
646 4315 750 4396 πρώτου
769 4317 870 4396 τείχους
910 4316 1035 4386 δηλονότι.
1050 4351 1089 4361 -
1099 4315 1229 4395 Ὕστερον
1246 4317 1288 4389 δέ]
1305 4318 1372 4395 μετὰ
1387 4318 1418 4377 τὸ
1433 4324 1603 4397 τειχισθῆναι.
1616 4354 1653 4363 -
1663 4339 1685 4378 ι.
1699 4325 1726 4365 ⁴⁵

54 4448 80 4488 65
93 4402 200 4469 ἁλόντος
211 4401 375 4484 διαφυγόντες
387 4402 514 4472 δηλονότι.
529 4403 742 4483 -Νικιύμενοι]
757 4409 789 4484 τῆ
804 4428 869 4461 ναυ-
910 4405 965 4472 Τῆς
976 4403 1038 4481 γης]
1058 4408 1104 4474 τῆς
1120 4404 1246 4474 Ἀττικῆς.
1267 4438 1307 4448 -
1330 4405 1453 4483 Ξυνεχῶς
1472 4403 1684 4481 ἐπικαθημένων]

93 4489 189 4571 μαχίφ.
204 4524 245 4534 -
260 4493 294 4549 0]
309 4488 443 4567 ἐξαύτῶν]
463 4492 486 4547 οἱ
499 4492 528 4548 ἐκ
548 4493 600 4548 τῶν
619 4495 714 4569 τειχῶν
727 4496 779 4550 τῶν
792 4491 869 4562 Ἀθη-
910 4489 1072 4555 ἀδιαστάτως
1103 4490 1302 4567 ἐπικαθημένων
1328 4495 1380 4549 τῶν
1404 4492 1626 4568 Λακεδαιμονίων.
1647 4526 1686 4537 -

91 4575 172 4634 ναίων
185 4579 236 4633 τῶν
248 4573 291 4633 ἀπ]
302 4579 340 4655 τῷ
351 4573 530 4655 Πλημμυρίῳ.
551 4614 581 4625 -
597 4596 618 4634 3.
637 4575 813 4654 Βιασάμεναι]
826 4601 867 4632 νι-
909 4578 965 4645 Τῆς
978 4573 1035 4646 ίσης
1055 4583 1181 4655 φρουρᾶς]
1205 4581 1251 4646 τῆς
1273 4576 1432 4656 τεταγμένης
1458 4578 1574 4649 δηλονότι
1595 4577 1683 4659 φησίν.

89 4661 221 4732 κῆσασαι.
242 4695 283 4706 -
301 4661 355 4721 Καὶ
374 4662 557 4741 ταραχθεῖσαι]
578 4661 657 4738 ἤγουν
682 4663 734 4720 ἀπό
752 4669 870 4743 ταραχῆς
910 4661 1012 4721 -Ἐκ
1027 4662 1172 4743 παρέργου]
1188 4663 1245 4720 ἀντὶ
1267 4669 1311 4720 τοῦ
1325 4662 1446 4740 ἀμελῶς,
1463 4664 1589 4741 ματαίως.
1604 4699 1645 4710 --
1662 4687 1685 4726 ε.

94 4747 296 4828 περιπέπτουσαι
314 4747 450 4819 ἀλλήλαις.
464 4746 622 4815 -Ταύτας
640 4771 669 4807 τε
680 4747 731 4829 γάρ
745 4748 868 4830 ἔτρεψαν]
909 4750 965 4819 Τῆς
978 4771 1006 4806 τε
1024 4748 1075 4829 γάρ
1095 4748 1183 4831 χώρας
1201 4750 1321 4822 ἀπάσης]
1334 4755 1380 4822 τῆς
1397 4751 1538 4832 καρπίμου.
1551 4786 1591 4796 -
1609 4751 1722 4831 Πρό-ευ

53 4877 80 4919 w
93 4837 117 4894 οἱ
128 4835 257 4906 Ἀθηναῖοι
271 4834 398 4905 δηλονότι.
911 4832 980 4893 θατά
999 4858 1027 4892 τε
1047 4835 1145 4907 πάντα]
1165 4835 1199 4894 τά
1219 4840 1270 4895 τῶν
1288 4838 1437 4908 Ἀθηναίων.
1458 4872 1497 4883 -
1523 4837 1684 4916 Ὑποζύγεα]

132 4922 239 4983 XXIV.
261 4921 354 4988 Ούτως
373 4921 566 5003 έπεπράγεσαν]
587 4921 667 4987 οὕτως
681 4920 867 5002 έδυςτύχηοαν.
911 4919 975 5000 βόες.
994 4955 1032 4967 -
1056 4922 1231 5004 Καταδρομύς
1241 4923 1412 5000 ποιουμένων]
1426 4928 1476 4983 τῶν
1484 4924 1624 4996 Ἀθηναίων
1639 4926 1686 4997 δη·

97 5042 133 5059 ν·
145 5026 168 5067 ε.
186 5011 221 5067 Δί
238 5008 381 5086 έςκομιδαί]
397 5011 425 5067 αί
437 5008 574 5087 είςαγωγαί
586 5013 637 5067 τῶν
652 5008 814 5079 ἐπιτηδείων.
908 5007 993 5068 λονότι
1004 5010 1113 5069 ἱππέων.
1127 5045 1167 5055 -
1176 5010 1334 5092 Ἄποκρότῳ]
1348 5011 1502 5091 καταξήρῳι
1518 5011 1592 5092 ξηρᾷ.

132 5097 224 5162 XXV.
245 5095 299 5156 Τθν
313 5099 366 5156 ἐκεῖ
379 5094 505 5174 πόλεμον]
520 5095 564 5154 τόν
578 5098 605 5156 έν
617 5094 818 5176 Πελοποννήσῳ.
829 5129 868 5142 -
949 5098 1080 5160 XXVIII.
1096 5096 1260 5169 Πολυτελάς]
1274 5098 1463 5163 πολυδάπανος.
1481 5129 1522 5143 -
1533 5096 1685 5180 Ἐπακτῶν]
