3676 5828
343 416 346 424 ¹
694 345 866 408 sellom.
888 355 934 422 ιι,
956 353 1102 410 οο-το,
1658 376 1694 430 4⁹

100 474 285 556 δημαγωγούς,
308 477 358 554 οῦχ
376 472 416 533 ότι
435 471 538 532 θδιῦιταί
555 474 605 532 τίσι
627 470 697 532 κατά
719 473 749 533 τὸ
770 473 877 546 ἀληθές,
897 531 900 553 ,
919 474 1040 537 οὕ.-ν.
1055 480 1090 536 Οί
1103 474 1141 549 δέ]
1154 479 1178 536 οί
1192 478 1416 560 στρατηγοί-ι.
1432 480 1487 542 Καὶ
1500 475 1700 554 έκαστοςῆέδύ·

1624 549 1629 565 1

100 564 157 623 ἀλλ’
169 568 204 630 ὡς
217 562 280 643 πρδς
294 559 489 631 ἀντιδιαστολὴν
501 566 546 620 τοῦ
560 567 647 620 κοινοῦ
660 560 707 620 καί
719 565 766 633 τῆς
778 561 879 628 πόλεως
897 559 901 576 ‘
919 571 1010 635 νατο..]
1020 562 1210 645 τάςτριάκοντα
1218 565 1364 634 δύοπόλεις.
1379 603 1420 614 -
1430 568 1569 646 Ἐνόμιζον
1575 570 1625 653 γάρ
1635 570 1698 633 ἀν...

99 653 196 732 είρηκε.
206 685 246 697 -
259 649 398 732 Σφαλέντα
412 645 452 730 δέ]
462 648 602 708 αἰνίττεται
613 647 647 707 τά
660 648 731 709 κατά
743 650 787 709 τὸν
797 650 879 710 Ἀλκι·
919 642 1093 730 ᾔέόούλοντο]
1108 653 1296 734 ἀνδραποδίσαι
1307 654 1358 737 γάρ
1373 654 1432 723 τοῦς
1446 656 1541 736 ἄνδρας
1550 658 1699 719 ἒόούλοντο.

99 741 202 811 όιάδην.
213 773 255 785 -
263 760 285 799 ε.
296 736 480 818 ’Λδωρότατος]
492 736 684 817 ἀδωρόλητττος.
696 772 736 783 -
747 759 769 799 υ.
782 736 878 819 Ὕόρει
959 741 1061 802 LXXI.
1081 760 1104 801 τ.
1123 741 1297 818 Λύτονόμους]
1307 742 1517 812 τοάςΠλσταιεῖς
1528 746 1657 818 δηλονότι.

73 827 268 909 οθαρσοῦντας]
283 824 384 903 ἀλόγως
401 848 428 883 τι
443 823 614 904 πράττοντας.
629 860 670 871 -
684 846 718 886 ιι.
738 825 810 906 Πρδς
824 824 878 903 οίίς]
960 826 1073 886 LXXII.
1096 825 1266 901 Ὑπολαύών]
1277 830 1424 911 ἀποκριθεὶς
1437 829 1454 902 ἣ
1467 832 1614 904 ὑπονοήσας
1625 831 1643 904 ἢ
1656 835 1699 892 έν·
1714 856 1728 896 ε

98 919 182 975 λείπει
196 918 249 974 τῶν
263 912 418 975 Λεοντίνων.
432 911 529 990 ξΤοθς
547 912 698 980 Λεοντίνους
707 912 794 990 λέγει·
808 904 879 973 οῦτοι
920 913 1050 991 θυμηθείς.
1062 915 1534 997 -Δίκαιαλίγετε...]μέμνηταικαί
1548 919 1646 994 ταύτης
1655 927 1702 995 τῆς

98 1003 149 1083 γάρ
164 1001 374 1081 μιτεκαλέσαντο
391 999 455 1082 πρός
471 1000 626 1080 συμμαχίαν
644 1000 807 1074 Ἀθηναίους,
822 1004 879 1062 Συ·
921 1001 1082 1083 δημηγορίας
1096 1002 1266 1084 Πλούταρχος
1278 1006 1305 1064 έν
1321 1014 1375 1072 τοῖς
1390 1008 1533 1075 πολιτικοῖς
1545 1010 1701 1091 παραγγέλ-

99 1090 245 1172 ρακουσίοις
268 1088 457 1172 διαφερόμενοι.
472 1091 562 1151 -Οί
585 1085 776 1172 ἐκπέμψαντες]
803 1089 880 1162 ’Λθη-
921 1110 987 1164 μασι
998 1092 1143 1170 [μοοοθ]
1157 1126 1198 1138 -
1212 1091 1294 1153 Λύτοί
1300 1117 1329 1152 τε
1338 1095 1533 1171 αὐτονομεῖσθε]
1541 1098 1703 1167 τοῖςοίκείοις

99 1177 180 1238 ναίων
193 1181 218 1237 οἱ
231 1177 396 1260 προύχοντες.
408 1211 450 1223 -
464 1178 527 1243 Τοῖς
546 1176 703 1256 οίχομένοις]
718 1181 879 1259 πορευθεῖσιν
920 1174 1008 1252 νόμοις
1028 1177 1168 1250 ἀκωλύτως
1184 1185 1343 1261 χρῆσθε-
1355 1202 1376 1241 ε.
1391 1180 1466 1243 Ἄνευ
1482 1183 1635 1259 Ἀθηναίων]
1655 1193 1704 1260 τῆς

60 1279 86 1317 ιο
99 1269 134 1334 εἰς
150 1266 282 1327 Σικελίαν.
295 1299 330 1310 -
342 1265 389 1326 Ἐν
399 1267 438 1344 τῷ
447 1262 625 1344 στρατοπέδῳ]
636 1268 674 1345 τῷ
687 1266 827 1346 Σικελικῷ.
839 1300 879 1312 -
920 1262 1027 1342 γνώμης
1036 1267 1211 1338 δηλονότι.-
1221 1270 1291 1351 Παρ’
1304 1269 1421 1350 ίκείνοις]
1436 1274 1488 1339 τοῖς
1504 1272 1702 1346 Ἀθηναίοις-
1718 1290 1743 1330 Ιο

100 1376 135 1415 ιε.
157 1353 308 1433 Πολιμίοις]
321 1362 374 1420 τοῖς
397 1350 621 1429 Λακεδαιμονίοις.
633 1385 675 1398 -
694 1351 761 1413 Μετ’
781 1354 878 1425 αὐτῶν]
921 1352 1174 1434 Οὗκέπιτρίπωσιν]
1187 1357 1216 1414 ού
1228 1355 1345 1416 δώσωσιν
1358 1358 1447 1417 ἄδειαν
1457 1360 1510 1426 τοῖς
1522 1362 1702 1422 Πλαταιεῦσιν

98 1447 150 1502 τῶν
165 1442 389 1520 Λακεδαιμονίων.
404 1474 444 1486 -
466 1440 530 1501 Ἔτι
550 1441 603 1506 τοῖς
618 1438 747 1517 πλείοσιν]
761 1443 879 1520 ἀντεῖχον
921 1437 1042 1515 έμμένειν
1056 1441 1108 1508 τοῖς
1121 1441 1234 1510 δοξασιν.
1244 1479 1284 1490 -
1295 1464 1318 1506 ε.
1334 1444 1370 1505 EI
1384 1469 1409 1505 τι
1425 1445 1544 1520 δυνατόν]
1566 1447 1650 1506 λείπει
1673 1445 1704 1505 τδ

99 1531 225 1603 δηλονότι.
240 1561 276 1571 -
291 1527 424 1595 Βασιλέως
434 1527 528 1674 παιδί]
538 1526 665 1606 βασιλέως
679 1527 750 1608 λέγει
761 1533 808 1587 τοῦ
822 1532 879 1587 Δα-
922 1525 986 1586 έστί.
1000 1561 1041 1572 -·
1049 1528 1137 1610 Μέχρι
1149 1529 1177 1588 δέ
1193 1533 1279 1605 τοῦδε]
1291 1538 1336 1591 τοῦ
1347 1539 1440 1612 καιροῦ
1454 1540 1501 1593 τοῦ
1517 1534 1644 1612 πολέμου.
1663 1569 1704 1580 -

101 1620 169 1702 ρείοο
180 1625 226 1678 τοῦ
240 1621 294 1677 υἱοῦ
310 1615 486 1698 Ἀρταξέρξου.
498 1638 512 1675 ο
529 1638 597 1690 τινος
613 1614 700 1695 Κύρου
712 1616 758 1675 καί
771 1621 786 1677 δ
798 1618 880 1677 Ξενο-
922 1611 1120 1695 Ἔργαζόμενοι]
1134 1615 1181 1687 τλν
1193 1623 1243 1697 γῆν
1265 1619 1393 1692 δηλονότι.
1410 1655 1452 1667 -
1464 1620 1572 1694 Ἱκανή]
1585 1624 1621 1691 είς
1642 1645 1704 1704 τρο-

59 1725 86 1764 ιο
98 1711 153 1790 φῶν
176 1706 223 1778 τὴν
248 1705 376 1764 ἀνάθεσιν
399 1702 507 1785 ἔγραψε.
529 1738 570 1750 -
590 1703 804 1785 Προςγενομίνερ]
826 1711 879 1772 τοῖς
922 1698 1107 1780 φὴνδηλονότι.
1720 1731 1745 1770 1⁸

98 1793 315 1872 Λακεδαιμονίοις
334 1791 460 1863 δηλονότι.
479 1819 510 1832 ··
525 1790 678 1870 Ἐνίδοσσν]
696 1790 879 1869 ίμαλακίσθη-
961 1789 1090 1851 LXXIII.
1112 1790 1254 1864 ’Λθηναίοις
1265 1793 1625 1875 κοινῦισαι]πρεσόεύσασθσι
1639 1796 1705 1879 πρδς

99 1908 159 1944 σαν.
174 1918 215 1930 -
230 1901 262 1942 ιι.
278 1884 408 1942 Τοσοῦτον
418 1877 567 1960 φρονήσεως
578 1877 755 1951 δηλονότι.-
766 1879 820 1961 Ἀφ’
830 1870 880 1958 ὧν]
921 1872 980 1943 τοὺς
992 1877 1141 1950 ’Λθηναίους
1150 1880 1278 1952 δηλονότι.
1289 1885 1515 1959 -Κομισθῆναι]
1531 1885 1703 1966 ἀναστρέψαι.

98 1972 143 2052 ἀφ’
155 1964 192 2030 ὧν
208 1968 384 2051 πραγμάτων,
403 1965 466 2034 ὥςτε
485 1967 552 2044 μήτε
568 1964 637 2026 κατθι
656 1971 705 2046 γῆν
728 1968 880 2046 πολεμῆσαι
921 1965 1032 2024 -Οὖκ
1050 1964 1156 2045 έτεμνε]
1176 1967 1324 2046 σημείωσαι
1341 1968 1381 2027 ότι
1402 1967 1433 2027 τδ
1448 1971 1537 2045 τεμεῖν
1557 1971 1705 2054 ἀδιαφόρως

99 2059 166 2137 μήτε
180 2060 216 2124 είς
230 2054 353 2118 Σικελίαν
364 2053 477 2135 πέμψαι.
922 2049 967 2109 καί
986 2049 1030 2109 ίπί
1047 2057 1094 2125 τῆς
1114 2058 1176 2133 γῆς,
1196 2053 1281 2136 ὥςπερ
1300 2057 1331 2114 τὸ
1351 2057 1466 2136 θῃιῦσαι,
1483 2057 1605 2118 τέθεικεν.
1623 2093 1663 2105 -
1680 2080 1702 2120 ε.

45 2148 87 2215 ὀο
139 2147 242 2209 LXVI.
265 2165 286 2204 ε.
300 2141 481 2225 Ξυνεχάιρουν]
495 2141 620 2201 ἐνεδίδουν
633 2145 657 2202 οί
671 2140 819 2204 Ζακύνθιοι.
922 2136 1181 2217 ’Λπαγγέλλοντες1οί
1194 2145 1336 2211 Πλαταιεῖς
1348 2143 1476 2216 δηλονότι.
1487 2179 1522 2193 -
1539 2164 1560 2205 ³.
1570 2145 1702 2219 Ἐπισκή-
1718 2166 1745 2206 το

139 2237 257 2297 LXVII.
279 2232 334 2293 Καὶ
344 2232 455 2312 ’Λργεῖος
467 2229 519 2313 ἰδίᾳ
534 2230 672 2310 πολλάκις]
683 2231 812 2313 γράφεται
826 2232 880 2313 ίδίιρ
921 2233 1025 2298 πτουσι]
1036 2228 1266 2309 παρακελεύονται.

99 2319 448 2401 Πολις·όνομακύριον.-
461 2317 879 2401 ’Λργεῖοςίδίιρ]άνευτοῦκοινοῦ·
960 2315 1091 2376 LXXIV.
1120 2319 1330 2399 Προκαλοῦνται]
1350 2320 1523 2381 ἐπισπῶνται.
1547 2355 1587 2366 -
1601 2340 1623 2383 ο.
1649 2324 1704 2384 Καί

98 2415 122 2471 οί
135 2410 187 2492 γάρ
197 2411 305 2491 Ἀργεῖοι
315 2407 384 2489 φίλοι
390 2399 457 2479 ἦσαν
463 2405 613 2476 Ἀθηναίοις.
628 2427 698 2468 -ε,
710 2406 763 2468 Τθν
773 2429 883 2487 γεγευη-
921 2399 1079 2481 παρέσχετε]
1096 2405 1120 2462 οἱ
1143 2404 1195 2463 θεοί
1210 2404 1337 2477 δηλονότι.
1359 2440 1400 2452 -
1413 2405 1656 2486 Ἐναγωνίσασθαι]
1678 2412 1704 2468 έν

99 2498 187 2578 μένον]
202 2498 245 2557 τὸν
259 2496 432 2576 ἐγγραφέντα.
456 2529 497 2540 -
520 2494 560 2556 Τὸ
577 2493 666 2576 μέρος]
680 2495 739 2555 ὅσον
760 2495 813 2554 ἀπὸ
834 2501 880 2555 τοῦ
922 2490 988 2568 αὐτῇ
1002 2489 1046 2549 τὸν
1059 2493 1148 2571 ἀγῶνα
1161 2491 1275 2554 τελέσαι·
1287 2528 1328 2540 -
1341 2497 1398 2566 TI<
1410 2493 1437 2552 δὲ
1450 2495 1588 2576 τιμωρίαι]
1602 2502 1649 2570 τῆς
1663 2500 1704 2557 ἀν

57 2611 85 2650 τε
100 2587 194 2670 μέρους
203 2588 292 2645 αὐτοῦ.
303 2619 345 2630 -
355 2603 378 2645 ε.
390 2582 425 2643 Ὁ
433 2582 472 2661 δέ]
485 2582 565 2662 ἤγουν
579 2582 729 2652 θΣάδοκος.
740 2619 781 2629 —-
791 2583 880 2644 Ἐκεί-
922 2572 1058 2647 θαῆσῑως·
1719 2607 1745 2646 οε

98 2676 161 2753 νοις]
172 2683 225 2741 τοῖς
237 2671 364 2754 πρέσύεσι
380 2674 432 2730 τῶν
449 2669 599 2742 Ἀθηναίων.
614 2706 655 2717 -
674 2674 710 2734 Οἱ
723 2669 763 2751 δι’]
777 2674 801 2731 οί
813 2671 879 2754 πρέ·
960 2667 1074 2727 LXXV.
1109 2666 1293 2748 Ἐπιθειάσας]
1318 2667 1515 2747 κατευξάμενος.
1538 2706 1579 2717 -
1607 2675 1705 2754 Περιε-

98 2762 169 2828 σύεις
180 2765 231 2821 τῶν
246 2759 396 2833 Ἀθηναίων.
408 2760 512 2819 -Τὸν
527 2758 660 2840 Ἀριστέα]
674 2758 718 2818 τὸν
735 2759 879 2841 Κορίνθιον.
922 2750 1080 2833 παῦρωσεν]
1099 2753 1282 2835 θ’θρχίδαμῠς
1299 2755 1427 2827 δηλονότι
1440 2758 1706 2839 θπῑρῑῑχαρᾶκωσεν,

97 2885 138 2895 -
151 2870 174 2911 ς,
190 2840 278 2921 Αὖθις]
295 2850 319 2915 ἐς
329 2846 360 2906 τὸ
369 2846 475 2924 μέλλον,
485 2880 526 2892 -
539 2849 691 2926 Κακουρφῇ]
700 2848 879 2928 κακουργήσῃ,
922 2838 962 2898 ότι
980 2843 1005 2899 οἱ
1022 2839 1131 2900 παλαιοί
1149 2840 1184 2900 τδι
1206 2842 1271 2924 ὀρθά
1291 2842 1356 2912 ξύλα
1375 2844 1485 2903 ίκάλουν
1508 2845 1644 2927 σταυρούς.
1665 2883 1706 2893 -

98 2937 321 3014 -Δικαιοῦντες]
330 2935 429 2994 δίκαιον
441 2933 694 3015 κρίνοντες-Τοῖς
707 2935 793 3001 αὐτοῖς
807 2934 880 3012 ἀμύ-
922 2929 984 2994 Τοῖτ
1010 2927 1140 3010 δένδρεσι]
1169 2931 1317 3008 σημείωσαι
1345 2930 1375 2990 τθ
1401 2930 1503 3012 θίνθρος
1529 2934 1640 2996 εὐθεῖαν.
1665 2970 1706 2982 -

58 3047 86 3086 ιο
98 3026 198 3104 νεσθαι]
209 3022 257 3095 τὴν
270 3022 330 3094 ίσην
342 3021 470 3102 τιμωρίαν
481 3022 578 3081 δοῦναι.
589 3055 630 3065 -
642 3012 750 3103 Οίςπερ]
767 3021 825 3080 ἀντί
833 3027 879 3082 τοῦ
922 3013 1033 3095 Ἔχουν]
1044 3013 1219 3094 συνεκόμιζον.
1232 3053 1273 3064 -
1287 3018 1357 3100 Πρθς
1366 3017 1414 3090 τλν
1427 3018 1514 3098 πόλιν]
1529 3022 1559 3078 οὐ
1577 3021 1620 3080 διά
1636 3045 1702 3080 παν·
1719 3048 1746 3088 ω

97 3103 143 3173 ὧν,
157 3109 353 3192 -.Ὑπῆρξαο]
368 3110 426 3168 ἀντὶ
436 3114 481 3169 τοῦ
492 3107 712 3189 προκατίγρξανω,
921 3102 964 3170 τδς
979 3108 1024 3162 τοῦ
1037 3102 1151 3183 τείχους,
1165 3105 1223 3164 ἀλλ’
1238 3109 1265 3166 ἐν
1284 3105 1358 3187 μέρει
1374 3106 1435 3167 τινί.
1453 3142 1493 3153 -
1507 3104 1625 3189 Λίρεσιν]
1640 3109 1705 3191 πόρ-

79 3215 81 3220 ’
138 3201 269 3260 LXVIII.
288 3197 365 3259 Κατά
380 3198 406 3256 δὲ
421 3196 480 3264 τοῦς
492 3194 711 3276 αὐτοθςχρόνους]
725 3194 879 3273 μετάόασες,
922 3196 1006 3262 θησιν.
1019 3224 1060 3235 -
1073 3211 1096 3252 ε.
1117 3191 1273 3272 Φορμηδόν]
1291 3192 1429 3273 ψιαθηδόν.
1450 3195 1549 3277 φορμός
1571 3195 1622 3278 γάρ
1641 3199 1706 3279 ψία-

98 3322 139 3334 -
158 3286 373 3364 ’Λναετ-ίσαντες]
398 3284 567 3366 διεγείραντος
593 3287 628 3350 είς
651 3283 815 3364 συμμαχίαν.
840 3320 881 3332 -
921 3282 976 3351 θος,
995 3277 1061 3346 ὄσῑς
1076 3279 1186 3348 ίναλλάξ
1206 3279 1275 3360 ἔχων
1289 3279 1319 3339 τθ
1333 3280 1439 3358 πλέγμα
1452 3281 1516 3342 ίστί.
1527 3318 1569 3328 -
1580 3284 1703 3358 Ἀνύτειν]

98 3374 163 3436 Ἐπί
176 3375 206 3434 τδ
219 3373 320 3456 Ἄργος]
338 3373 407 3432 κατά
424 3378 470 3431 τοῦ
488 3369 605 3453 Ἄργους.
620 3406 661 3418 -
675 3392 696 3432 ε.
712 3374 816 3445 Λῦτοῖς]
827 3377 881 3441 τοῖς
920 3369 1108 3447 τελεσιουργεῖν
1131 3367 1196 3450 πρδς
1208 3367 1281 3449 θψος.
1294 3372 1318 3427 οί
1328 3368 1439 3429 ’Λττικολ
1451 3369 1482 3429 τθ
1502 3370 1587 3430 ἀνύειν
1602 3372 1703 3432 ἀνύτειν

57 3484 84 3523 οε
98 3461 317 3545 Ἀμπρακιώταις.
327 3480 396 3520 -υ,
413 3457 742 3540 Καίοῦκοίρεσκόμενοςτῇ
754 3462 880 3540 κατασπ]
921 3455 995 3535 φασί.
1010 3490 1050 3501 -
1063 3475 1084 3515 ³·
1100 3457 1233 3535 Ξυνῑχῶς]
1248 3455 1421 3525 ἆδῑαστᾶτως.
1433 3493 1474 3504 -
1487 3461 1576 3531 Σῑτον]
1592 3460 1621 3519 τθ
1631 3463 1701 3522 σῖτον
1718 3484 1744 3524 οο

98 3543 156 3634 εύρε
171 3549 221 3631 γάρ
232 3550 279 3621 τὴν
294 3547 395 3628 μητέρα
405 3546 550 3627 Ἐριφύλην
565 3547 746 3626 ἀναιρεθεῖσαν
760 3546 810 3606 θπθ
819 3546 878 3606 ’Λλ-
920 3542 1068 3623 οὐδετέροις.
1078 3579 1119 3590 -
1133 3547 1280 3625 Αίρεῖοθαι]
1291 3544 1446 3621 λαμθάνειν.
1456 3549 1541 3608 -Οί
1555 3546 1668 3628 ξεναγοί]
1679 3553 1703 3609 οί

96 3640 228 3716 κμαίοινος
242 3642 287 3695 τοῦ
303 3637 416 3716 ἀδελφοῦ
431 3635 520 3692 αὐτοῦ.
534 3637 629 3713 -Τῇ
648 3636 674 3692 ἒν
694 3632 783 3713 Ἄργει
794 3657 879 3693 κατει-
920 3632 972 3688 τῶν
995 3628 1159 3713 μισθοφόρων
1181 3629 1318 3711 άρχοντες·
1340 3629 1423 3700 ξένους
1440 3632 1493 3713 γάρ
1512 3634 1621 3695 ἐκάλουν
1641 3637 1703 3705 τοῦς

98 3726 199 3797 στάσει]
211 3729 244 3805 τῇ
256 3723 366 3794 οἰκήσει.
380 3741 454 3782 -ιε,
474 3724 500 3782 Τ
500 3720 717 3804 ἦς’Λμφιλοχίας]
726 3725 774 3799 γῆς
786 3723 878 3794 δηλον·
921 3717 1099 3799 μισθοφόρους.
1119 3752 1160 3764 -
1178 3720 1257 3778 ο.ού
1278 3718 1458 3801 σχολαίτερον]
1482 3723 1511 3781 ού
1537 3721 1704 3805 βραδύτερον.

97 3812 145 3872 ότι.
155 3847 196 3859 -
210 3834 232 3871 ο.
256 3809 451 3889 Ἐπςγάγοντο]
472 3808 665 3890 ἐφειλκύσαντο.
676 3843 717 3853 -
730 3806 785 3869 Καλ
800 3811 879 3881 ἑλλη-
919 3839 960 3850 -
971 3805 1114 3884 Ἄντανῄει]
1127 3805 1261 3886 ἀντῇρετο.
1277 3809 1294 3884 §
1309 3807 1489 3871 ἀντανίστατο.
1497 3807 1704 3896 -Ἐςεφόρουν]

55 3903 83 3942 ⁴⁰
97 3900 232 3973 νίοθησαν]
243 3896 374 3971 Ἕλληνες
387 3895 456 3955 κατά
469 3895 518 3967 τλν
535 3901 580 3954 νῦν
598 3896 732 3956 διάλεκτον
750 3895 876 3974 ίγένοντο.
919 3893 955 3959 είς
968 3891 1017 3963 τὴν
1030 3892 1106 3952 πόλιν
1121 3892 1152 3966 δὴ
1168 3893 1221 3952 ἀπὸ
1235 3901 1279 3954 τοῦ
1293 3893 1425 3974 χώματος.
1717 3920 1745 3960 ιο

95 3990 181 4048 -Οἱ
188 3985 215 4046 δέ
226 3987 301 4046 ἄλλοι
313 3984 468 4066 ’Λμφίλοχοι
481 3983 621 4064 βάρόαροι]
632 3986 657 4044 οί
671 3981 698 4042 δέ
714 3983 877 4065 ’Λμπρακιῶι
959 3982 1088 4043 LXXVI.
1110 3981 1159 4042 Ἐν
1168 3982 1274 4063 ταρσοῖς
1293 3982 1426 4060 καλάμου]
1450 3984 1477 4041 έν
1491 3982 1640 4062 πλέγμασιν
1650 3984 1703 4044 ἀπὸ

95 4099 140 4133 ται
153 4073 291 4148 Ἕλληνες,
303 4072 446 4155 Κορινθίων
454 4072 566 4131 άποικοι.
575 4106 615 4117 -
628 4070 875 4153 ο.Τοθς’Λργείους]
919 4069 1041 4148 καλάμου
1051 4067 1248 4146 πεποιημένοις.
1259 4104 1300 4115 -
1319 4069 1506 4143 Ἐνειλλοντες]
1520 4071 1702 4149 ἐμπλέκοντες.

95 4162 155 4229 τοὺς
167 4159 379 4243 Ἀμφιλοχικοθς,
392 4159 452 4228 τοῦς
466 4158 629 4237 δεξαμένους.
644 4194 685 4204 -
696 4157 802 4240 Χρόνῳ]
817 4160 876 4220 ἀντὶ
918 4192 959 4204 -
972 4178 995 4219 ε.
1008 4156 1167 4236 Ὑπόνομον]
1182 4157 1363 4237 κεκρυμμένον
1372 4158 1485 4239 ὄρυγμα.
1498 4160 1704 4238 -Ξυντεκμη-

95 4255 142 4310 τοῦ
152 4249 234 4327 μόλις.
244 4284 285 4294 -
298 4269 321 4309 7.
334 4252 370 4308 Οί
382 4248 404 4307 δ’
417 4246 586 4328 ’Λμφίλοχοι1
601 4248 625 4305 οἱ
645 4244 753 4318 πάντες,
768 4244 811 4303 διά
828 4246 877 4319 τὴν
920 4243 1027 4326 ράμενοι
1040 4244 1091 4304 ύπθ
1102 4245 1132 4304 τὸ
1142 4246 1240 4325 χῶμα]
1258 4243 1301 4303 διά
1316 4244 1459 4324 τεκμηρίου
1480 4245 1547 4313 τινδς
1567 4246 1702 4328 ίρχόμενοι

55 4362 82 4401 ετ
97 4338 267 4419 μητρόπολιν.
281 4372 322 4383 -
334 4337 484 4417 Ἀκαρνᾶσι]
500 4334 582 4416 φίλοις
596 4325 654 4404 οθσς
668 4332 786 4406 δηλονότι
801 4334 877 4407 ’Λθη-
919 4331 972 4393 ἀπὸ
984 4332 1021 4391 ,τά
1041 4332 1186 4413 χωμάτιον.
1197 4333 1261 4378 -⁸
1276 4331 1432 4405 Ἱζάνοντος]
1450 4333 1600 4401 ἐνδιδόντος.
1623 4371 1664 4381 -
1679 4355 1701 4398 τ.
1717 4365 1743 4404 ςς

94 4425 186 4487 ναίων.
199 4460 240 4471 -
253 4424 412 4497 Ἀθηναίους]
428 4422 599 4495 ἀναπόδοτον,
617 4423 718 4499 μᾶλλον
738 4419 765 4480 δέ
785 4445 879 4482 καινα-
917 4419 1109 4499 Οἰκοδόμημα]
1131 4419 1162 4478 τθ
1176 4419 1285 4488 ξύλινον.
1304 4455 1344 4467 -
1366 4423 1453 4493 Χοῦν]
1478 4421 1530 4481 ἀπθ
1549 4428 1632 4502 χυτῆς
1655 4429 1703 4503 γῆς

94 4513 204 4572 πόδοτον
210 4517 301 4585 τοῦτο,
313 4513 336 4570 εί
347 4509 415 4569 οθτω
424 4510 476 4591 χρι]
491 4510 579 4590 φάναι.
588 4543 629 4555 -
639 4507 719 4581 Λύτό]
734 4508 765 4567 τθ
775 4506 877 4589 Ἄργος.
918 4517 1004 4588 τεῖχος
1015 4509 1108 4569 ποιεῖν.
1125 4542 1160 4551 -
1172 4508 1220 4570 Ἐν
1228 4507 1368 4591 ἀμφιύόλιμ
1378 4511 1478 4583 μᾶλλον
1491 4509 1633 4589 γίγνεσθαι]
1645 4513 1703 4573 ἀντί

95 4635 137 4648 -
150 4622 172 4661 ε.
193 4599 270 4660 Μετά
291 4598 318 4659 δέ
335 4603 421 4671 τοῦτο]
443 4597 501 4657 ἀντὶ
515 4602 561 4657 τοῦ
576 4595 630 4655 ἀπδ
645 4601 692 4655 τοῦ
712 4594 810 4667 ταύτης
829 4602 878 4670 τῆς
919 4603 965 4656 τοῦ
981 4596 1140 4678 ἑκατέρωθεν
1154 4596 1306 4676 βάλλεσθαι.
1320 4631 1355 4641 -
1372 4597 1482 4657 Μάλλον
1491 4596 1636 4684 γίγνεσθαι]
1646 4599 1704 4668 τοθς

95 4688 189 4756 αίτίας.
201 4723 243 4736 -
255 4710 278 4749 υ.
295 4687 342 4754 Ἐς
355 4685 415 4755 τοῦς
427 4686 566 4768 Ἀργείους]
583 4682 653 4742 κατά
675 4687 727 4743 τῶν
742 4683 875 4764 Ἀργείων.
919 4685 1048 4753 ἐναντίους
1067 4684 1196 4756 δηλονότι.
1220 4720 1260 4731 -
1281 4704 1305 4747 ε.
1330 4684 1403 4745 Μίαν
1423 4684 1487 4767 μέν]
1512 4687 1645 4767 μηχανήν.
1670 4720 1705 4730 -

55 4799 83 4838 ω
96 4811 136 4822 -
159 4776 207 4838 Ἐν
222 4779 261 4856 τῷ
273 4773 394 4855 πολέμῳ]
420 4777 458 4855 τῷ
486 4775 726 4853 Πελοποννησιακῷ
750 4771 878 4845 δηλονότι.
919 4776 976 4834 Τοῦ
994 4773 1109 4851 μεγάλου
1122 4769 1348 4858 οἰκοδομήματος]
1363 4777 1415 4833 τῶν
1430 4775 1588 4835 Πλαταιέων
1608 4778 1703 4848 δηλον-
1718 4801 1744 4840 ιο

135 4867 234 4926 LXIX.
257 4863 492 4944 Ἀργυρολογῶσιν]
507 4858 630 4941 ἀργύριον
647 4861 802 4920 ἀπαιτῶσιν.
817 4860 879 4920 ’Λπά
919 4859 968 4922 ότι.
992 4892 1027 4903 -
1045 4858 1244 4939 Κατέσεεσε]τδ
1256 4870 1342 4942 τεῖχος
1357 4862 1486 4934 δηλονότι.
1502 4895 1536 4904 -
1556 4860 1654 4931 ’Λλλας
1663 4864 1704 4943 δέ]

96 4952 260 5024 Φασήλιδος]
270 4952 393 5024 Φάσηλις
403 4949 479 5018 πόλις
492 4947 661 5030 Παμφυλίας.
673 4947 805 5026 μέμνηται
815 4948 880 5008 ταύ-
921 4946 1044 5027 μηχανάς
1065 4947 1193 5020 δηλονότι.
1208 4984 1247 4995 -
1266 4952 1323 5010 Τοῦ
1348 4949 1461 5030 τείχους]
1482 4949 1648 5033 προςίφερον.
1666 4987 1704 4999 -

95 5064 143 5112 της
157 5039 202 5097 καί
215 5038 348 5106 Διονύσιος
361 5037 545 5119 ὁπεριηγητής
557 5039 595 5117 [ι.
608 5042 668 5108 σου]
919 5034 965 5103 “Ae
986 5034 1127 5116 βρόχους...
1142 5041 1187 5112 τε]
1206 5037 1354 5112 σημείωσαι
1364 5036 1412 5109 τὴν
1427 5037 1557 5112 σύνταξιν,
1568 5039 1599 5107 ἀς
1613 5039 1704 5123 βρόχοι

137 5129 225 5188 LXX.
245 5125 330 5188 Ούδίν
339 5128 449 5205 μᾶλλον]
462 5123 535 5186 οὐδὲν
544 5123 618 5206 παρὰ
627 5123 750 5190 ’Λττικοῖς
766 5122 824 5183 ἀντί
832 5129 878 5183 τοῦ
920 5123 1130 5204 περιύάλλοντες.
1155 5160 1194 5171 -
1210 5124 1342 5207 Βρόχους]
1361 5125 1473 5207 σχοινία.
1498 5163 1537 5173 -
1562 5126 1700 5209 Ὑπερςςς,
