3676 5828
656 192 828 253 SCHOLIA.
844 193 900 271 Vl,
916 203 1044 254 84—87.
1622 214 1674 264 11³

63 324 162 386 Ἰῶνων
171 328 224 385 τῶν
235 328 333 406 ὑπδτῷ
343 325 448 403 βασιλεῖ
458 326 581 408 πρότερον
595 325 709 399 όντων,θ
724 328 769 386 καί
781 329 849 403 μᾶλ·
869 339 873 397 ]
907 330 1050 388 LXXXV.
1083 327 1168 387 Οὑδέν
1178 328 1472 413 ἀλογονότιξυμφέρον]
1482 335 1604 393 οὑκέστιν
1615 331 1676 394 ἀλο-

62 415 119 473 λον.
132 412 163 472 τδ
175 412 309 487 δέιῆτῶν
324 411 481 489 ξυμπάντων
501 441 528 490 a,
538 416 606 494 ἤπερ
624 418 675 472 τῶν
691 414 850 491 συμπάντων
869 402 873 487 ί
891 437 937 492 γον
953 414 984 473 τδ
1000 416 1044 473 ἐπῖ
1060 422 1097 497 τῷ
1113 416 1268 496 ζυμφέροντι
1286 418 1476 498 τραπόμενον.
1495 455 1536 465 -
1550 421 1615 481 Οὐδ’
1631 425 1673 481 οἰ-

63 500 422 578 Ἐλλῆνοιν.ἐκινδυνεύομεν,
430 499 742 581 φησίν,έντοῖςΜηδικοῖς
751 505 850 580 μᾶλλον
870 536 872 603 γ
892 502 970 573 κεῖαν,
985 501 1001 559 ό
1014 527 1038 560 τι
1053 503 1091 579 μῆ
1107 504 1210 575 πιστόν]
1223 504 1280 563 οὑδέ
1298 505 1370 585 φιλος
1387 530 1427 572 τις
1444 507 1503 566 οὑδέ
1519 510 1676 583 ἐπιτήδειος,

64 586 132 669 ὑπὲρ
142 592 188 659 τῆς
199 591 250 646 τῶν
265 586 360 647 Ἰώνων
375 588 535 668 ἐλευθερίας,
550 587 567 659 ἤ
583 590 704 670 περὶτῆς
722 590 851 670 ἡμετέρας
870 626 872 659 ;
892 588 923 647 ἀν
938 589 975 666 μῆ
991 591 1080 658 πιστὸς
1094 583 1121 670 ἤ.
1136 626 1174 636 -
1188 588 1225 651 Ἢ
1242 591 1333 672 ἐχθρὸν
1354 591 1501 675 ἤφίλον...]
1517 596 1563 654 καῖ
1584 598 1676 678 ἐχθρὸν

38 696 53 734 ο
66 699 96 734 τε
107 676 153 735 καί
164 679 210 746 τῆς
223 679 275 734 τῶν
288 674 446 752 συμπάντων
459 675 607 747 Ἑλλήνων.
620 712 660 721 -
674 677 795 758 Ὁρῶμεν
806 676 851 735 καί
892 677 934 748 δέ,
954 678 1033 758 φησί,
1053 679 1098 736 καῖ
1112 679 1186 760 φίλον
1200 680 1238 737 δεῖ
1256 679 1320 759 πρδς
1334 680 1432 739 ἕκαστα
1450 685 1476 740 ἐν
1493 689 1576 765 καιρῷ
1590 665 1676 764 γίγνε-
1690 707 1702 744 ο

64 768 127 842 ὑμῖν
138 768 222 822 ταῦτα
237 762 410 844 ξυμφέροντα]
424 763 454 822 τὸ
468 763 647 845 ἀποφαίνομεν
665 764 706 837 δὲ,
723 765 775 824 ἀπδ
793 788 851 823 κοι-
892 769 968 836 σθαι,
984 766 1177 846 ἀρμοττόμενον
1187 768 1240 834 τοῖς
1251 773 1364 847 παροῦσι
1378 769 1527 849 πράγμασι.
1540 802 1574 811 -
1588 794 1609 831 ν.
1621 773 1678 833 Καί

63 857 124 928 νοῦ,
139 850 193 910 ἀνω
207 851 325 928 κείμενον
351 851 501 918 ἀκουστέον.
522 851 567 910 καῖ
585 858 639 925 νῦν,
654 856 700 925 τῆς
721 852 852 932 ἡμετέρας
893 850 944 932 γάρ
956 848 1018 920 τοὺς
1032 857 1086 912 ἐκεῖ
1107 854 1270 934 ξυμμάχους]
1284 856 1342 913 ἀντ]
1355 861 1415 930 τοῦ,
1434 858 1480 915 καῖ
1493 858 1544 940 γάρ
1558 864 1609 918 τῶν
1623 864 1679 920 ἐκεῖ

65 939 210 1020 ἀσφαλείας
219 929 301 998 ’ἐνεκα
318 939 364 997 καῖ
376 939 466 999 ἐνθάδε
480 940 621 1021 παρόντες,
635 940 680 999 καί
694 945 756 1018 ὑμῖν
768 948 851 999 ταῦτα
894 941 1054 1019 συμμάχων.
1070 977 1108 987 -
1123 941 1191 1009 Τοὺς
1205 941 1231 1000 δέ
1246 942 1357 1010 πολλοὺς
1368 945 1514 1024 χρημάτων
1528 951 1553 1026 β.
1567 955 1607 1028 φ.]
1620 947 1679 1015 τοθς

64 1027 228 1109 ζυμφέροντα
256 1029 445 1109 ἀποφαίνομεν.
487 1028 666 1110 άποφαίνομεν
692 1028 735 1100 δέ,
760 1028 850 1108 φησὶν,
893 1026 1362 1109 δέπολλοὺςχρήματαπρασσόμενοι
1375 1032 1570 1100 ἄκοντας-ε.
1586 1035 1678 1108 Κα],δ

25 1141 51 1181 ιο
64 1121 130 1195 ἡμῖν
142 1140 171 1175 τε
184 1119 291 1196 ἀσφαλῆ
305 1117 367 1176 ὄντα
387 1117 432 1176 καῖ
447 1121 507 1195 ὑμῖν
526 1116 701 1199 συμφέροντα.
723 1122 808 1175 ταῦτα
825 1114 852 1174 δέ
893 1114 1013 1195 λέγομεν,
1029 1119 1054 1184 ἐς
1067 1118 1260 1200 Συρακουσίους
1270 1119 1335 1192 δέος]
1348 1120 1362 1179 θ
1374 1120 1484 1198 λέγομεν
1498 1121 1553 1189 δέος
1566 1128 1630 1201 ἡμῖν
1643 1115 1678 1182 εῖ-
1695 1141 1720 1178 ιο

65 1208 145 1276 ἐστιν,
164 1204 181 1262 ἀ
198 1203 309 1283 διαὺολῇ
325 1204 382 1263 καθ’
397 1207 473 1281 ἡμῶν
493 1204 598 1281 λέγουσι
611 1204 797 1284 Συρακούσιοι.
814 1238 851 1248 -
893 1227 937 1260 ναι
947 1203 990 1262 διά
1001 1205 1206 1283 Συρακουσίους,
1213 1205 1278 1286 πρὸς
1286 1208 1391 1285 τδὴμῖν
1400 1211 1549 1268 λυσιτελοῦν
1558 1211 1681 1270 καθίστα·

64 1314 86 1355 οι
103 1293 157 1353 Καὶ
173 1296 247 1369 ὑμεῖς
259 1293 405 1369 μάλιστα...
417 1294 513 1372 ὑποκ]
534 1296 607 1369 ὑμεῖς
617 1292 644 1352 δέ
666 1289 853 1358 ὑποπτεύοντες
893 1312 946 1349 ται.
954 1291 1057 1350 -Καί
1069 1290 1265 1370 βούλονται,ἐπῖ
1275 1297 1313 1375 τῷ
1324 1294 1446 1376 ἡμετέρῳ
1457 1294 1677 1372 ξυστῆσαντες...]

66 1381 226 1464 ἐκφοὺεῖσθε.
239 1378 316 1458 ἴσμεν
329 1380 380 1461 γάρ
394 1379 435 1439 ὅτι
449 1383 473 1438 οί
493 1380 670 1463 φοόεριύτερόν
684 1404 710 1438 τι
724 1379 854 1439 ὑποπτεύ.
893 1379 939 1435 καῖ
962 1378 1114 1458 βούλονται,
1135 1380 1270 1448 ὑπόπτους
1290 1387 1361 1459 ἡμᾶς
1378 1384 1535 1455 ποιήσαντες
1549 1387 1620 1463 ὑμῖν,
1633 1390 1679 1447 καί

64 1492 149 1542 οντες,
161 1469 209 1528 κάν
225 1473 252 1530 ἐν
262 1473 301 1550 τῷ
310 1469 420 1552 παρόντι
439 1470 490 1528 ὑπὸ
510 1474 564 1529 τῶν
576 1473 692 1551 τερπνῶν
706 1469 791 1547 λόγων
801 1471 850 1550 ψυ-
894 1464 1081 1545 διαόαλόντες,
1092 1467 1134 1549 ὑφ’
1144 1472 1232 1535 αὑτοῖς
1242 1469 1404 1540 ποιήσασθαι
1415 1470 1464 1542 ςὴν
1473 1473 1609 1547 Σικελίαν,
1621 1475 1680 1546 ἤτοι

24 1576 50 1617 ιο
63 1563 268 1639 χαγωγηθῶσιν,
282 1557 353 1635 ὅμως
367 1557 473 1639 ὑστέρον
491 1558 607 1638 ἀκριόῶς
626 1557 789 1630 ἐξετάζουσι,
808 1556 853 1615 καί
895 1552 940 1634 βία
957 1553 1139 1634 κρατήσαντες
1152 1559 1236 1634 ὑμῶν,
1249 1555 1268 1630 ἢ
1290 1556 1382 1635 μόνους
1396 1559 1589 1640 ἀπολαὺόντες,
1602 1567 1678 1641 ἡμῶν
1696 1583 1720 1621 ιο

64 1647 264 1724 ἀναλογίζονται
279 1645 392 1719 ἕκαστα,
409 1646 475 1727 ὑπέρ
495 1652 542 1707 τοῦ
558 1645 770 1727 τάσυμφίροντα
783 1642 852 1727 πρά·
895 1641 1039 1719 ἀπράκτων
1063 1644 1237 1704 ἀπελθόντων.
1261 1679 1302 1691 -
1325 1646 1436 1724 Ἀνάγκη
1461 1647 1501 1726 δέ]
1528 1650 1630 1727 ἀνάγκη
1650 1651 1680 1711 τδ

65 1731 127 1801 ζειν.
136 1770 177 1782 -
186 1732 349 1814 Ὗπονοεῖτε]
365 1733 444 1812 ἤγουν
459 1735 571 1793 δειλιάτε
588 1733 615 1804 ἐζ
630 1732 760 1800 ὑπονοίας.
771 1766 811 1777 -
829 1751 851 1790 ο.
894 1726 970 1808 ἄρξαι
988 1729 1046 1796 τοὺς
1059 1730 1251 1811 Συρακουσίους
1265 1735 1311 1803 τῆς
1324 1731 1388 1804 ἀλης
1403 1734 1535 1802 Σικελίας.
1550 1770 1592 1781 -
1610 1737 1680 1797 Οὑτι

64 1821 125 1894 Τῆν
147 1846 176 1882 τε
199 1821 251 1901 γάρ
269 1823 335 1901 ἐκεῖ]
356 1821 404 1893 τῆν
423 1824 450 1880 ἐν
472 1823 589 1904 πατρίδι.
611 1819 706 1880 -Διά
730 1821 761 1879 τδ
789 1818 853 1878 αύτδ
893 1815 1443 1900 γδρὴμῖν...]οὔτεγάρὴμεῖςέτιτοσαύτην
1454 1822 1574 1899 συνάγειν
1584 1824 1680 1904 ἀθρόαν

65 1911 111 1988 ...]
128 1909 172 1969 διά
186 1910 217 1969 τδ
228 1909 292 1968 αθτδ
309 1909 363 1977 δέος
376 1909 460 1983 ἤκειν,
474 1909 544 1979 ἀπως
561 1910 628 1988 μετά
643 1914 694 1969 τῶν
714 1909 797 1992 φίλων
819 1906 853 1966 τά
894 1901 1004 1980 δύναμιν
1015 1904 1061 1963 καί
1074 1906 1308 1987 μεταχειρίσασθαι
1321 1908 1499 1986 δυνησόμεθα,
1514 1909 1542 1967 οί
1553 1934 1581 1968 τε
1594 1914 1680 1994 Συρα-

23 2019 52 2059 νο
65 1997 157 2057 ἐνθάδε
190 2000 313 2074 ἀσφαλῶς
345 1997 585 2076 καταστησώμεθα.
621 1998 677 2066 δέος
721 1997 749 2056 δέ
782 1995 853 2075 λέγει
894 1991 993 2050 κοὺσιοι
1009 1995 1057 2051 οὑκ
1075 1994 1107 2052 ἀν
1124 1986 1174 2054 είεν
1190 1997 1304 2063 ἀσθενεῖς
1321 1999 1356 2062 ὡς
1369 1995 1434 2075 πρὸς
1450 2001 1531 2073 ὑμᾶς,
1549 2002 1625 2076 ἡμῶν
1639 2000 1676 2077 μν]
1693 2017 1720 2056 σο

64 2087 96 2145 τὸ
112 2084 237 2168 περὶτῆς
262 2089 361 2146 ἑαυτῶν
386 2086 540 2167 ἀσφαλείας.
567 2085 665 2159 ταύτης
686 2085 737 2166 γάρ
763 2085 852 2166 ἀρεγό·
894 2078 1103 2158 συμμαχούντων
1118 2084 1188 2159 ὑμῖν.

64 2197 141 2252 μενοι
162 2173 290 2255 ὥρμησαν
313 2173 358 2234 ἐπὶ
388 2173 419 2233 τὸ
448 2175 549 2256 ἄρχειν.
578 2214 611 2227 -.
638 2176 746 2254 Τοῦτο]
782 2179 853 2251 ἡμᾶς
934 2169 1088 2229 LXXXVI.
1104 2170 1679 2251 Προσείοντες]προςποιοῦντες,ἐπανατεινό-

65 2263 182 2329 ἀπόντας
199 2263 439 2332 καταδουλωθῆναι.
455 2261 501 2321 καί
523 2264 593 2321 δοκεῖ
616 2261 646 2322 τδ
666 2262 851 2345 ἐπιφερόμενον
894 2278 976 2332 μενοι.
992 2290 1033 2301 -
1045 2275 1067 2316 2.
1086 2256 1310 2338 Ὑποπτεύεοθαι]
1327 2259 1407 2336 ἤγουν
1424 2261 1482 2319 οὐδὲ
1496 2261 1595 2321 δίκαιον
1612 2267 1679 2324 ὑπν-

64 2351 152 2431 τούτιμ
164 2351 264 2427 μᾶλλον
276 2348 406 2430 συνᾴδειν.
893 2344 1044 2416 πτεύεσθαι,
1063 2345 1104 2405 ότι
1133 2346 1394 2426 καταδουλῶσαιμεν.
1413 2385 1444 2395 -
1465 2371 1486 2410 ο.
1507 2352 1562 2410 Καί
1581 2354 1678 2437 ἀπορία,

25 2455 53 2494 ²⁵
106 2440 260 2501 LXXXIV.
276 2436 361 2498 Ούδέν
374 2440 512 2519 προςῆκον]
526 2438 607 2516 ἤγουν
623 2440 746 2516 οὐδεμιᾶς
762 2462 853 2518 συγγε·
893 2435 1054 2512 vluit-n]
1066 2433 1112 2494 καί
1124 2437 1153 2494 Οὗ
1164 2434 1301 2512 δυνᾶμῑνθῑ
1312 2437 1547 2516 γυλᾶπῑῑνπόδῑῑς
1559 2441 1676 2518 μεγάλας
1692 2461 1718 2502 ιο

65 2527 136 2595 νείας
145 2526 233 2598 οὑσης.
248 2565 282 2574 -
297 2524 460 2602 Σωζομένων
476 2528 595 2606 ὑμῶν...]
605 2526 758 2604 σωζομένων
769 2531 851 2605 ὑμῶν,
893 2520 938 2578 καὶ
953 2522 1126 2602 παρσσκευῆν
1143 2523 1319 2605 ἠπειρωτικὴν
1339 2526 1605 2607 παρεσκευασμένας,
1619 2553 1678 2588 του-

65 2616 113 2676 m
134 2620 161 2676 ἐν
178 2613 287 2690 δυνάμει
306 2611 472 2685 ὄντων,ὦςτε
490 2614 608 2693 ἀντέχειν
623 2615 748 2673 δύνασθαι
765 2618 852 2695 Συρα-
892 2608 980 2668 τέστιν
1001 2614 1111 2670 ἱππεῦσι
1131 2612 1176 2671 καί
1198 2617 1270 2694 πεζῷ
1291 2614 1447 2692 ἰσχυούσας,
1469 2616 1543 2675 αὐτοὶ
1562 2619 1677 2676 ναυτικοί

65 2704 198 2774 κουσίοις,
213 2694 290 2772 ἡτιον
309 2699 341 2759 ἀν
357 2706 435 2778 ἡμεῖς
457 2702 650 2781 βλαπτοίμεθα·
665 2705 694 2761 οὐ
713 2703 763 2782 γάρ
782 2703 852 2778 πέμ·
893 2696 973 2765 ὄντες.
993 2738 1025 2750 -
1044 2699 1109 2760 Οίδε
1122 2699 1149 2759 δὲ
1170 2702 1201 2760 οὑ
1216 2702 1426 2782 στρατοπίδῳ...]
1449 2704 1622 2784 Συρακούσιοι
1636 2705 1677 2780 δέ,

65 2798 159 2876 ψουσιν
172 2795 195 2850 οῖ
209 2789 384 2872 Συρακούσιοι
397 2791 615 2868 Λακεδαιμονίοις
626 2789 746 2867 δύναμιν,
761 2793 853 2849 ἐνταῦ-
893 2785 1071 2866 ἐφεδρεύοντες
1085 2791 1146 2864 ὑμῖν
1164 2790 1249 2863 (τοῦτο
1261 2787 1313 2869 γὰρ
1327 2788 1382 2847 ἐστι
1396 2789 1426 2848 τὸ
1440 2793 1611 2868 ἐποικοῦντες)
1630 2796 1676 2852 οὑκ

27 2902 54 2941 ω
65 2889 99 2942 θα
113 2877 313 2957 πολεμούμενοι.
333 2878 372 2936 διδ
387 2877 434 2936 καί
453 2877 505 2958 χρὴ
527 2879 585 2937 καθ’
603 2878 750 2959 ὑπερὺατδν
770 2878 853 2946 οὑτως
892 2875 935 2932 ἐπὶ
950 2875 1141 2955 στρατοπέδου,
1156 2874 1224 2933 ἀλλά
1238 2877 1340 2944 πολεως
1360 2878 1474 2954 μείζονος
1491 2885 1535 2937 τοῦ
1548 2881 1676 2962 ἡμετέρου
1691 2898 1718 2937 σο

64 2973 193 3039 ἀκοῦσαι,
207 2959 284 3038 ἡττον
301 2964 334 3024 ἀν
350 2967 428 3043 ἡμεῖς
443 2966 643 3046 βλαπτοίμεθα,
664 2965 764 3024 τούτων
777 2990 850 3043 πεμ-
893 2963 1079 3041 στρατοπέδου.
1096 2995 1124 3007 -
1142 2963 1196 3023 Καὶ
1215 2963 1277 3023 ὅταν
1292 2965 1382 3043 καιρὸν
1403 2965 1549 3044 λάόωσι...]
1565 2968 1610 3026 καί
1626 2970 1677 3028 λα-

64 3057 172 3139 ψάντων
193 3055 253 3115 τινά
276 3053 386 3131 δύναμιν
407 3055 636 3126 Πελοποννησίοις.
655 3053 800 3131 τουτέστιν,
821 3062 850 3118 οὔ
893 3048 999 3127 ὑόμενοι
1015 3056 1106 3131 καιροῦ
1121 3053 1169 3109 οὑκ
1184 3051 1334 3124 ἀνοίσουσιν,
1349 3052 1407 3110 ἀλλ’
1427 3053 1675 3133 ἐπιθήσονταιὺμῖν.

65 3144 236 3226 πεμψάντων,
250 3144 297 3201 οὑκ
309 3141 341 3201 ἀν
356 3141 546 3221 βλαπτοίμεθα.
562 3177 593 3188 -
607 3162 629 3202 ο.
647 3141 694 3212 Μῆ
710 3142 851 3212 ὑπηκόους,
893 3171 924 3181 -
942 3158 964 3197 ο.
984 3138 1269 3218 Ἆντιπαρακαλοῦμεν]
1291 3139 1371 3217 ἤγουν
1389 3141 1424 3207 είς
1447 3140 1567 3200 ἐναντίαν
1587 3145 1677 3223 παρά-

65 3229 223 3312 ῶςπερτοὺς
246 3229 419 3309 ξυγγενεῖς...]
448 3229 485 3304 μὴ
510 3229 592 3297 οὑτως
612 3228 741 3301 ὑπηκόους
760 3231 853 3302 αὐτοὺς
893 3225 986 3296 κλησιν
1002 3231 1134 3304 κινοῦμεν.
1154 3254 1183 3269 ·-
1197 3226 1256 3296 Τὴν
1279 3226 1458 3308 ὑπάρχουσαν]
1480 3230 1611 3311 σωτηρίαν
1627 3232 1675 3303 δη·

28 3337 53 3377 νυ
66 3320 206 3400 γενίσθαι,
217 3317 303 3399 ῶςπερ
317 3322 341 3377 οῖ
354 3322 485 3398 συγγενεῖς
505 3320 590 3376 αὐτῶν
603 3316 777 3377 ὑπακούουσιν
799 3321 853 3378 Εὐ·
893 3312 986 3373 λονότι.
1000 3357 1031 3367 -
1045 3314 1162 3391 Νομίσαι
1175 3315 1251 3393 τε...]
1263 3315 1370 3392 νομίσαι
1382 3338 1428 3393 τε,
1446 3317 1523 3397 φησὶ,
1538 3319 1675 3398 Συρακου-
1690 3337 1716 3377 σε

67 3411 145 3476 Mc.
170 3407 284 3474 όνιννηνς
310 3406 362 3486 γὰρ
391 3405 428 3465 ὢν
453 3412 467 3465 ὁ
495 3407 627 3472 Ἀθηναῖος
656 3406 701 3464 ἐπ]
729 3410 767 3487 τῷ
793 3406 853 3474 τοὺς
894 3398 958 3467 σίοις
971 3397 1019 3477 μέν
1033 3400 1063 3459 τδ
1082 3402 1122 3481 ἐφ’
1141 3406 1209 3478 ὑμᾶς
1227 3402 1376 3481 στρατεύειν
1392 3405 1418 3461 ἐν
1433 3403 1530 3485 ἑτοίμῳ
1547 3396 1613 3463 εῖναι
1631 3407 1677 3464 καῖ

66 3497 219 3563 Λεοντίνους
233 3494 440 3574 ἐπαγγέλλεσθαι
454 3495 618 3566 κατοικίζειν,
638 3493 726 3575 φησὶν,
740 3494 780 3553 ότι
803 3497 853 3576 οὑχ
892 3487 973 3568 χωρὶς
984 3488 1141 3566 συμμάχων,
1156 3488 1259 3563 (πλήθει
1270 3487 1321 3569 γάρ
1335 3490 1384 3548 εἰσί
1396 3490 1518 3570 πολλοί,)
1531 3495 1592 3569 ὑμῖν
1607 3492 1634 3551 δέ
1646 3494 1676 3552 οὑ

66 3586 149 3665 μοίως
169 3581 262 3648 αύτοὺς
281 3587 465 3659 κατοικιοῦμεν
483 3591 536 3648 τοῖς
550 3584 576 3639 ἐν
592 3581 693 3661 Εὑὺοίᾳ
707 3584 853 3642 Χαλκιδεῦ-
892 3575 1019 3642 πολλάκις
1033 3575 1138 3635 {mom
1154 3574 1676 3660 1²⁸³&‘005632mpmtvficffivfflstss·

65 3697 118 3747 σιν,
137 3673 196 3730 ἀλλ’
209 3675 244 3736 ῶς
264 3668 412 3750 ἐλευθέρους
428 3669 473 3727 καί
493 3670 700 3735 δυνατωτάτους.
715 3706 748 3719 -
768 3676 852 3730 Δυνα-
893 3667 953 3721 σθαι
968 3663 1032 3744 πρὸς
1046 3663 1152 3736 αὐτοὺς,
1166 3662 1214 3735 ὅση
1229 3664 1329 3734 ἕστένῆ
1349 3665 1484 3747 ἡμετέρα,
1499 3667 1532 3738 ἣν
1551 3666 1675 3746 δύναμιν,
1757 3693 1761 3704 ·

27 3780 55 3819 νο
66 3760 207 3831 τωτάτους]
227 3758 307 3835 ἤγουν
332 3756 563 3838 ἐλευθερωτάτους.
587 3795 617 3807 -
628 3777 651 3817 ε.
673 3756 717 3818 T&
736 3757 783 3834 μίν
801 3757 852 3839 γάρ
892 3749 963 3823 ἴστε,
983 3753 1005 3809 εί
1024 3749 1233 3818 ὑποπτεύσαντες
1254 3751 1388 3832 ἄπρακτον
1403 3755 1417 3783 ⁴¹
1436 3754 1526 3812 ἐάσετε
1545 3757 1675 3829 ἀπελθεῖν,
1691 3775 1716 3814 ιο

66 3844 168 3929 ἀνιεῖ...]
185 3853 231 3906 τοῦ
245 3845 444 3927 Ἑρμοκράτους
460 3844 608 3916 Ἀθηναίους
630 3845 801 3912 διαόαλόντος
818 3850 853 3913 ὡς
893 3837 944 3896 είτε
966 3837 1011 3896 καί
1031 3838 1185 3920 περιόψεσθε
1211 3843 1370 3911 νικηθεῖσαν,
1389 3840 1524 3911 ἐθελήσετε
1544 3841 1576 3898 ἀν
1594 3866 1674 3914 ποτε,

66 3940 120 4018 οὐχ
133 3933 277 4014 ογιῶςτσὺς
299 3934 346 4010 μὲν
363 3936 390 3991 ἐν
412 3931 514 4013 Εὐὸνίιγ
530 3933 672 3999 Χαλκιδεῖς
694 3935 853 3993 χιιιαδιδου.
892 3924 1147 3998 καταδουλωθέντες,
1170 3925 1213 3984 ἀπε
1235 3927 1308 3984 οὑδέν
1331 3926 1421 4008 ὄφελος
1441 3928 1515 3985 ἐσται
1540 3927 1674 4004 βοηθείας,

66 4022 212 4103 λωμίνους,
223 4024 276 4088 τοῖς
290 4021 317 4080 δέ
330 4024 357 4080 ἐν
373 4021 484 4101 Σικελίᾳ
499 4019 741 4099 ἐπαγγελλομένους
751 4022 852 4080 ἐλευθε·
892 4014 1117 4094 πῡδδθσῖημύρῑον
1137 4019 1183 4084 Τῆς
1205 4014 1335 4094 ἡμετέρας
1356 4014 1490 4091 δυνάμεως
1510 4017 1592 4073 ἐλθεῖν
1614 4018 1675 4093 θμῖν

68 4114 162 4194 ρίαν,θ
174 4111 307 4181 Ἀθηναῖος
324 4109 372 4167 οὑκ
391 4108 560 4188 ἀρνούμενος,
577 4108 635 4166 ἀλλ’
656 4108 800 4184 ὁμολογῶν,
814 4131 853 4166 τε·
893 4101 1045 4180 σύμμαχον.
1063 4140 1095 4153 -
1107 4103 1223 4173 Τοσῆςδε
1240 4101 1398 4181 ἐπικουρίας]
1413 4105 1459 4172 τῆς
1471 4104 1556 4177 ἡμῶν,
1570 4101 1603 4172 ἤν
1616 4101 1675 4181 έχο

28 4213 55 4253 εν
67 4204 165 4281 χνικῶς
177 4198 277 4256 διαλύει
287 4196 317 4254 τδ
326 4194 497 4275 ἐπιχείρημα.
506 4242 538 4252 -
547 4194 590 4255 Τά
605 4194 651 4271 μέν
664 4193 715 4275 γάρ
734 4197 789 4253 ἐκεῖ
806 4194 852 4253 καῖ
893 4212 950 4265 μεν.
964 4225 994 4234 -
1007 4185 1073 4267 Ἤν]
1088 4189 1120 4260 ἤν
1136 4188 1276 4269 σωτηρίαν.
1689 4209 1714 4246 ιε

68 4287 145 4347 αὐτοὶ
164 4281 342 4368 ἀρκοῦμεν...]
364 4283 429 4363 πρὸς
445 4283 492 4360 μέν
504 4280 555 4364 γάρ
570 4283 613 4341 τὸν
623 4285 695 4353 ἐκεῖ,
710 4281 853 4364 φησῖ,πό·
932 4285 1098 4343 LXXXVH.
1119 4301 1141 4340 κ.
1161 4281 1256 4349 Ὅπως
1286 4282 1323 4360 μὴ
1357 4282 1401 4340 ὑπ’
1428 4284 1514 4340 αὐτῶν
1541 4282 1669 4359 βλαπτόν-

67 4379 149 4453 λεμον
161 4373 275 4433 αὑτοίτε
288 4375 429 4453 ἀρκοῦμεν,
444 4371 490 4430 καί
503 4374 527 4431 οἱ
538 4375 565 4430 ἐν
580 4371 681 4450 Εὑὺοίορ
697 4372 851 4442 Χαλκιδεῖς,
893 4371 976 4449 μεθα]
994 4369 1046 4427 ἀπὸ
1064 4375 1150 4430 κοινοῦ
1170 4369 1199 4427 τδ
1218 4369 1313 4452 φαμέν.
1335 4404 1375 4415 -—-
1396 4368 1490 4429 Πολλά
1512 4371 1535 4428 δ’
1556 4371 1672 4446 ἀναγκά-

68 4463 152 4531 νὺτως
173 4463 237 4540 ἡμῖν
254 4458 458 4536 δεδουλωμένοι,
474 4457 544 4526 ῶςτε·
560 4459 670 4535 δύναμιν
683 4458 731 4536 μὲν
744 4459 789 4517 καί
803 4482 850 4517 πα·
892 4462 981 4528 ζεοθαι
994 4456 1121 4538 πράσσειν
1137 4465 1185 4529 ...]
1200 4459 1335 4537 πολλαχοῦ
1351 4456 1378 4515 δέ
1393 4456 1583 4538 στρατεύομεν,
1598 4459 1676 4516 κάκεῖ

69 4548 200 4632 ρασκευῆν
214 4551 262 4608 οὑκ
273 4546 353 4627 ἐχειν,
361 4547 394 4604 δι’
410 4539 441 4618 ἡς
453 4547 622 4619 ἐπιθῆσονται
633 4551 709 4623 ἡμῖν.
722 4546 851 4626 χρήματα
893 4544 937 4604 καί
954 4545 998 4603 ἐπὶ
1010 4544 1144 4616 Σικελίαν,
1159 4544 1202 4603 διά
1218 4545 1248 4605 τδ
1261 4547 1306 4603 καῖ
1319 4543 1431 4613 πολλοὺς
1449 4545 1593 4626 φοβεῖσθαι.
1634 4580 1674 4590 -

30 4656 56 4696 ιο
69 4639 98 4698 δά
112 4638 217 4719 ἐχοντες
230 4635 353 4717 εῖςφέρειν
367 4637 403 4702 είς
420 4635 465 4694 τὸν
482 4634 546 4716 πρὸς
562 4635 787 4705 Πελοποννησίους
800 4635 852 4694 πό-
892 4654 914 4694 ε.
943 4633 1014 4705 Μῆθ
1039 4637 1074 4700 ῶς
1092 4632 1265 4714 σωφρονισταὶ
1286 4634 1331 4711 ...]
1352 4631 1514 4711 ὑπερὺατόν·
1543 4631 1626 4710 μῆτε,
1656 4630 1712 4691 θω

67 4729 194 4804 λεμον.οί
206 4724 232 4784 δέ
248 4723 352 4795 ἐνθάδε,
370 4723 499 4804 ἐλεύθεροί
511 4746 539 4781 τε
554 4723 600 4781 καί
612 4722 752 4800 αὐτόνομοι
766 4722 851 4797 ὄντες,
892 4721 1009 4802 χαλεπὸν
1029 4722 1095 4793 ἤδη,
1114 4725 1149 4787 ῶς
1169 4719 1343 4802 σωφρονισταὶ
1361 4719 1516 4801 ἀποτρέπειν
1538 4725 1671 4799 πειρᾶσθε.

71 4816 117 4875 καί
128 4813 239 4891 δύναμιν
252 4813 368 4892 ἔχοντες,
382 4810 498 4888 μάλιστα
510 4815 573 4888 ἡμῖν
584 4810 649 4869 εἰσίν
664 4809 801 4891 ὠφέλιμοι.
812 4846 853 4856 -
893 4809 1011 4892 χαλεπὸν
1030 4809 1057 4868 δέ
1077 4809 1126 4880 ἤδη
1145 4808 1200 4867 ἐστὶ
1215 4808 1245 4867 τό
1260 4807 1406 4887 ἀποτρέψαι
1424 4812 1504 4883 ἡμᾶς.
1520 4842 1562 4852 -
1582 4809 1673 4866 Πολυ-

70 4901 126 4963 Ιίαῖ
151 4898 345 4978 ὑΧαλκιδεύς]
367 4903 426 4958 ὑέν
452 4898 553 4980 Εὑὺοίογ
580 4899 709 4970 δηλονότι.
725 4899 853 4959 -Ἀπα-
891 4897 1095 4978 πραγμοσύνης]
1113 4897 1338 4977 πολυπραγμονεῖν
1361 4895 1431 4974 λέγει
1443 4894 1474 4952 τὸ
1487 4895 1593 4962 πολλοῖς
1613 4896 1671 4953 ἐπι-

71 4989 196 5070 ράσνκυος
219 4986 280 5059 ῶν]
304 4986 502 5066 γεγυμνωμένος
515 4989 660 5065 πολεμικῆς
676 4992 850 5068 παρασκευῆς.
892 4995 989 5067 χειρεῖν
1008 4985 1054 5044 καῖ
1067 4985 1213 5062 πολλαχοῦ.
1255 4986 1286 5042 ἐκ
1304 4984 1330 5042 δέ
1352 4989 1398 5055 τῆς
1418 4980 1673 5061 πολυπραγμοσύνης
