3676 5828
683 311 845 374 εσιιοιιι
865 311 952 391 ιἰιι,
974 325 1098 378 ιν-εο,
1636 335 1688 386 ιιι

89 433 280 516 κατεχομίνης]
292 436 350 509 ἤτοι
360 437 570 516 ἀναγκαζομίνης
580 440 785 521 ὀλιγαρχεῖσθαι,
797 439 815 512 ἤ
827 439 871 500 ἐπ’
914 441 961 520 μίν
973 442 1024 524 γὰρ
1034 444 1196 521 Ἀθηναίους,
1207 447 1490 527 θαλασσοκρατοῦντας,
1499 450 1528 508 οὗ
1540 448 1618 526 μόνον
1629 457 1692 510 luu-

90 523 178 602 δλίγον
198 522 351 602 πειθομένης
366 523 414 584 καί
429 527 610 608 άκροωμίνης·
624 525 639 586 ό
653 528 697 587 καί
712 530 820 606 μᾶλλον.
838 571 870 585 -
914 537 967 596 τοῖς
977 532 1152 590 καταδουλοῦν
1161 529 1219 599 τοῦς
1229 530 1377 609 Ἕλληνας,
1386 533 1455 592 ἀλλὰ
1467 533 1513 593 καί
1523 537 1625 614 βασιλεῖ
1632 537 1691 606 τοδς

91 610 289 691 Κατιχομίνης]
307 612 516 693 κατειργομίνης.
534 661 563 673 -
580 635 602 676 ε.
617 617 696 688 Νῆις]
718 607 793 674 οὖσαι
815 617 868 681 τοῖς
915 618 985 696 ἰντῆ
1002 616 1129 696 βασιλέως
1140 621 1280 685 οἰκοῦντας.
1295 654 1335 665 -
1350 617 1403 681 Ἢν
1417 620 1455 699 μή
1470 643 1532 681 ποτε
1547 624 1640 692 αὐτοὺς
1653 627 1691 701 μῆ

90 697 243 772 Ἀθηναίοις.
257 745 289 758 -
308 698 497 779 Ἀντονάγοιεν]
516 704 544 760 αί
558 704 585 760 ίν
602 706 635 782 τῆ
652 703 763 784 Μιλήτῳ
777 703 869 775 δηλον-
914 700 1047 782 ἰίίλωσιν]
1060 703 1117 763 άντί
1131 709 1187 775 τοῦ,
1199 704 1451 766 καταδουλώσωνται
1463 708 1522 776 τοίις
1535 709 1690 781 Ἀθηναίους.

67 784 212 856 νάπνῆες.
915 822 955 832 -·
979 807 1002 849 ε.
1022 789 1078 850 Καί
1100 789 1295 869 ἀπστιμόμενον
1315 793 1360 872 ...]
1382 793 1594 872 οἰποτεμόμενον,
1613 797 1718 878 φησί,,

130 872 263 935 XXXIX.
284 871 377 935 Ἡλίου
392 873 499 956 τροπάς]
516 873 562 944 τὰς
579 874 727 956 χειμερινάς
741 874 868 948 δηλονότι.
914 875 1041 954 μεγίστην
1052 886 1145 960 μοῖραν
1156 882 1207 938 τῶν
1218 879 1368 953 Ἀθηναίων,
1379 879 1496 941 τουτίστι
1508 883 1637 961 μεγίστων
1648 888 1693 945 αἰι-

91 1002 123 1015 -
135 980 160 1023 α.
177 961 249 1044 Πρδς
259 959 367 1042 γδρτδς
378 967 423 1022 τοῦ
438 962 585 1046 Πεδαρίτου
596 964 745 1036 ίπιατολάς]
759 962 816 1023 άντί
826 967 871 1022 τοῦ
914 961 972 1030 τοῦς
983 962 1155 1043 στερῆσαντα.
1167 999 1207 1012 -
1220 987 1242 1028 ε.
1256 966 1349 1026 Καίίκ
1358 967 1502 1048 περιόντος]
1514 969 1594 1048 ἤγουν
1606 975 1636 1032 ίκ
1648 978 1694 1032 τοῦ

91 1046 136 1108 διδ
151 1047 198 1117 τδς
215 1053 261 1108 τοῦ
285 1047 432 1132 Πεδαρίτου
455 1051 604 1118 ἐπιστολάς.
623 1097 653 1110 -
672 1071 694 1112 ο.
718 1050 771 1112 Καί
788 1049 872 1109 πλείω
916 1050 1132 1130 ὖπερόάλλοντος.

92 1133 137 1194 τδν
155 1137 237 1195 πλοῦν
254 1135 296 1195 διίι
316 1137 434 1218 φυλακῆς
454 1138 636 1215 ποιησάμενοι]
651 1139 697 1198 καί
711 1137 871 1219 μακρότερον
956 1138 1070 1199 XLVII.
1099 1137 1169 1219 Παρ’
1198 1135 1320 1222 ἰκτίνοις]
1347 1139 1493 1220 ἔμπροσθεν
1520 1144 1633 1204 ἰκείνων.
1655 1181 1694 1225 γ-

57 1221 138 1282 ιοτδν
158 1223 240 1282 πλοῦν
262 1222 435 1301 ποιησάμενοι
455 1223 520 1306 ὑπὲρ
543 1225 695 1307 ἀσφαλείας.
718 1271 749 1285 -
773 1245 795 1286 ε.
817 1228 872 1287 Τοῦ
917 1222 1141 1305 Ἐπιθεραπειίων]
1156 1226 1236 1304 ἤγουν
1250 1226 1318 1303 μετίι
1329 1227 1468 1307 θεραπείας
1488 1229 1533 1288 καί
1547 1232 1694 1310 οἰκονομίας
1710 1268 1733 1308 γ,

93 1307 384 1392 ξυμπαρακομιαθῆναι]
397 1309 441 1368 ἵνα
459 1313 705 1394 συμπαραληφθῶσι
726 1314 790 1392 παρ’
806 1314 873 1371 ίκεί-
916 1312 1172 1390 πραγματευόμενος.
1188 1347 1227 1358 -
1244 1316 1276 1374 Εἰ
1291 1313 1328 1391 μῆ
1345 1314 1478 1395 διαφθερεῖ
1490 1317 1583 1397 αῦτῆν]
1595 1318 1629 1395 ἤ,
1646 1321 1694 1393 τῆν

93 1421 153 1456 ρων,
917 1398 953 1463 εἰς
963 1397 1011 1469 τῆν
1022 1397 1136 1479 πατρίδα
1147 1397 1256 1458 κάθοδον
1265 1404 1287 1458 εί
1297 1399 1335 1478 μῆ
1347 1401 1491 1484 διαφθείρη·
1503 1401 1535 1477 ἤ,
1548 1404 1630 1476 αθτῆν
1645 1408 1693 1481 τῆν

132 1484 196 1547 XL.
217 1482 314 1544 1.Καί
335 1493 384 1566 μιᾷ
401 1507 431 1564 γι
451 1484 540 1559 πόλει,
557 1483 627 1558 πλῆν
649 1483 874 1562 Δακεδαιμονίων,
917 1483 1031 1565 πατρίδα
1051 1488 1074 1544 εἰ
1089 1484 1126 1561 μῆ
1150 1484 1216 1566 ίάση
1237 1487 1419 1568 διαφθαρῆναι.
1436 1521 1477 1535 -
1496 1492 1593 1551 Πεῖσαι
1608 1495 1631 1552 δ’
1647 1495 1694 1572 άν]

93 1573 212 1632 πλεῖστοι
222 1569 365 1650 γενόμενοι]
379 1570 495 1640 πλείονες
504 1571 602 1632 οίκίται
615 1565 682 1644 ἤσαν
693 1575 720 1632 ίν
732 1572 792 1653 Κίιρ
805 1572 874 1652 ἤπερ
916 1569 975 1637 τοὺς
987 1570 1142 1644 Ἀθηναίους.
1157 1608 1197 1618 -
1208 1593 1229 1632 α
1240 1573 1286 1641 Ἐς
1297 1572 1357 1640 τοθς
1369 1575 1518 1653 βελτίστους
1529 1581 1581 1638 τῶν
1593 1580 1696 1662 άνθρῶ-

60 1683 83 1723 ιο
95 1657 199 1740 ίνάλλη
213 1656 263 1716 τινί
274 1657 366 1736 πόλει,
381 1658 450 1731 πλῆν
464 1659 726 1738 Δακεδαιμονίων·ἤ
744 1657 772 1719 δὲ
786 1664 874 1720 Λακι-
917 1659 988 1736 πων]
1001 1659 1218 1740 φρονιμωτάτους.
1712 1699 1733 1738 1⁶

95 1745 198 1826 δαίμων
210 1743 347 1813 πλείστους
364 1737 433 1825 εῖχεν
448 1748 558 1812 οἰκέτας.
576 1789 606 1799 -
620 1744 809 1824 Ἐπιστάμενοι
826 1743 874 1814 τῆν
956 1748 1085 1808 XLVm.
1107 1747 1164 1818 Τῆν
1179 1747 1266 1827 πόλιν]
1279 1745 1326 1817 τδς
1339 1748 1454 1821 Ἆθῆνας.
1469 1786 1508 1797 -
1523 1753 1578 1813 Καί
1592 1755 1696 1815 ὑπατεί-

93 1832 196 1915 χῶραν]
211 1832 330 1914 ίμπιιροι
344 1837 389 1904 τῆς
404 1834 502 1912 χώρας.
515 1880 546 1892 -
561 1854 583 1894 ε.
598 1837 733 1906 Κωλῦσαι]
749 1832 874 1911 κωλόμην
917 1856 1003 1901 νοντας
1015 1835 1105 1913 αὐτοῦ]
1120 1835 1229 1902 ἐλπίδας
1245 1836 1373 1906 δηλονότι.
1388 1869 1427 1882 -
1438 1858 1460 1898 ι.
1479 1839 1600 1920 Κόσμου]
1616 1845 1695 1902 gam.

94 1931 186 1982 ποιεῖν.
198 1967 230 1980 -
243 1919 294 1982 Διίι
305 1919 353 1992 πῆν
368 1919 426 1980 τότε
439 1921 559 1993 άπειλῆν]
571 1921 604 1994 ἤν
619 1921 737 1994 δηλονότι
748 1920 876 1993 ἠπείλησε
918 1918 980 1988 ξίας.
993 1956 1033 1967 -
1044 1923 1125 2003 Σφίσι
1133 1920 1161 1981 δί
1172 1923 1324 2003 περιοπτίον
1336 1915 1402 1982 εἶναι
1415 1926 1455 2004 ...]
1469 1930 1555 1994 αὐτοῖς
1564 1927 1592 1988 δί
1603 1951 1695 2010 περιο-

94 2017 148 2076 τοῑς
161 2008 252 2080 Χίοις,
265 2005 303 2087 μῆ
316 2007 497 2080 ίπιόοηθῆσειν
512 2011 608 2076 αθτοῖς.
918 2009 1024 2088 θρητίον
1036 1999 1116 2081 εἰναι,
1128 2007 1197 2076 ὅπως
1212 2008 1249 2086 μῆ
1263 2011 1437 2070 στασιάσωσι.
1461 2047 1500 2056 -
1520 2015 1694 2095 Περιοπτίον]

55 2123 83 2165 το
134 2099 211 2160 XLI.
232 2094 353 2176 Νομίσας
360 2094 446 2155 πάντα
457 2095 552 2178 όστερα
559 2086 666 2170 εἰναι...]
675 2097 793 2174 νομίσας,
802 2094 875 2177 φησί,
918 2096 1074 2165 σκοπητίον.
1090 2095 1255 2172 -Ὁμοίως
1264 2100 1336 2176 ίντῆ
1346 2099 1463 2177 θαλάττῃ
1476 2099 1570 2178 όντων]
1585 2101 1694 2178 ὁμοίως,
1709 2135 1734 2176 ,η

93 2186 182 2246 πάντα
200 2186 227 2244 δν
246 2184 358 2266 δευτέρῳ
376 2172 441 2242 εἰναι
457 2190 503 2243 τοῦ
523 2184 707 2266 παρακομίσαι
729 2183 777 2251 τίες
798 2189 874 2256 ναῦς,
917 2182 1002 2263 ὥςπερ
1018 2183 1064 2240 καί
1080 2183 1233 2257 Ἀθηναίων,
1252 2183 1416 2265 κρατούντων
1433 2191 1480 2257 τῆς
1499 2187 1638 2260 θαλάττης.
1655 2224 1695 2235 -

94 2272 160 2354 θπίρ
173 2277 220 2332 τοῦ
234 2274 460 2352 θαλαττοκρατεῖν.
477 2315 509 2328 -
521 2291 544 2331 α.
564 2271 618 2333 Καί
632 2275 657 2340 ἰς
677 2275 738 2332 Κῶν
753 2270 801 2343 ιῆν
819 2274 876 2331 Mt·
917 2291 940 2331 σ.
956 2269 1013 2336 Τάς
1024 2268 1227 2349 τεξυμμαχίδας
1236 2270 1324 2338 πόλεις
1338 2272 1377 2350 ...]
1389 2271 1449 2352 περί
1460 2276 1511 2331 τῶν
1523 2272 1694 2354 ξυμμαχίδων

95 2361 203 2442 ροπίδα]
227 2357 277 2431 τῆν
292 2357 430 2440 Μεροπίδα
457 2361 584 2438 περιττῶς
610 2358 778 2440 προςίθηκεν·
807 2357 875 2429 άλλη
918 2354 1032 2433 πόλεων,
1044 2347 1084 2423 αἷς
1093 2354 1237 2435 ὑπίσχοντο
1247 2356 1401 2438 ὀλιγαρχίαν
1410 2361 1434 2417 οί
1446 2359 1638 2437 Ἀθηναῖοι,οἰς
1649 2361 1695 2421 καί

93 2447 145 2531 γδρ
164 2450 212 2508 οὐκ
226 2446 281 2506 ίστι
298 2449 368 2514 Κῶς.
383 2489 414 2503 ..
431 2464 454 2505 ο.
469 2445 655 2524 Ἀναγκάζεται
671 2445 722 2504 όπδ
736 2448 787 2503 τῶν
809 2448 874 2505 Κνι-
918 2444 991 2502 οὗτοὶ
1001 2443 1249 2524 θλιγαρχηοόμενοι,
1263 2448 1351 2525 σαφῶς
1362 2443 1411 2526 ίφη
1424 2445 1518 2505 εἰδέναι
1529 2449 1589 2530 πιρί
1598 2448 1695 2512 τούτων

56 2558 82 2598 τε
94 2536 156 2595 δίων
169 2530 375 2617 παραινούντων]
391 2530 449 2590 ἀντί
460 2537 504 2591 τοῦ
518 2532 635 2591 πείθεται
651 2530 874 2614 παραινεσάντων.
918 2527 1076 2610 ὁΦρόνιχος
1087 2528 1127 2588 ότι
1136 2529 1194 2589 οὗτε
1207 2534 1234 2589 αἱ
1246 2531 1297 2602 ἤδη
1310 2534 1482 2612 ἀφεστηκυῖαι
1494 2539 1694 2619 προςχωρῆσσυ·
1708 2568 1735 2608 2⁶

134 2623 238 2686 XLIII.
258 2618 463 2701 Ιίροςῦαλόντες]
477 2625 703 2698 τειχομαχοῦντες.
718 2654 757 2665 -
771 2640 794 2680 ε.
813 2619 877 2697 Ἀμ-
918 2639 959 2674 σιν
971 2614 1043 2675 οὐδὲν
1054 2617 1162 2693 μᾶλλον,
1174 2615 1232 2676 οὔτε
1245 2620 1272 2675 αἱ
1283 2617 1392 2689 ίπῆκοοι
1403 2619 1569 2701 βεόαιότεραι
1580 2622 1693 2688 ίσονται.

94 2704 874 2794 ροτίροις]ἤγουντοῖςΛακεδαιμονίοιςκαίτῷΤισσαφίρνει.
917 2737 958 2748 -
974 2723 996 2762 ο.
1011 2702 1080 2769 Τοός
1098 2725 1126 2761 τι
1141 2700 1235 2770 καλοίις
1254 2704 1394 2784 κάγαθαίς]
1414 2708 1571 2787 ὑπερόατδν,
1588 2713 1648 2780 τούς
1667 2737 1696 2772 τε

134 2797 238 2858 XLIV.
260 2796 296 2855 Οί
313 2791 348 2871 δ’]
364 2791 444 2869 ἤγουν
459 2795 482 2851 σί
496 2792 708 2870 Λακεδαιμόνιοι.
727 2827 768 2838 -
779 2814 801 2854 α.
816 2796 892 2854 Κα-·
918 2795 963 2850 τοῦ
974 2789 1058 2865 δῆμου
1067 2786 1163 2856 καλοδς
1171 2789 1216 2849 καί
1226 2791 1337 2868 άγαθοδς
1348 2794 1559 2870 θνσμαζομίνους·
1569 2797 1618 2857 όδί
1628 2805 1695 2868 νοῦς·

95 2883 178 2965 μίριρ]
184 2878 406 2962 ΚάμιροςἩρωδ.
413 2878 458 2938 καί
468 2878 871 2960 Χοιροό.-Καίπροςεχῶρησε]
918 2878 965 2934 σιἰκ
978 2875 1079 2935 ἐλάττω
1092 2875 1218 2956 παρίχειν
1230 2877 1389 2958 πράγματα,
1404 2879 1474 2962 ἤπερ
1483 2880 1528 2941 τδν
1539 2885 1635 2959 δῆμον,
1646 2907 1695 2946 m.

55 2997 83 3037 ω
95 2971 176 3049 ἤγουν
193 2965 321 3051 ᾧκειῶθη.
336 3000 376 3011 -
390 2985 414 3026 ο.
431 2965 596 3047 Ἐφάνησαν]
610 2974 663 3034 τοῖς
677 2967 821 3044 πολεμίοις.
836 3002 875 3013 -
919 2961 1007 3042 ρῑστίῑς
1020 2961 1096 3029 ὄντας
1106 2962 1152 3020 καί
1167 2961 1303 3041 ῑίίηγητίῑς
1313 2968 1365 3023 τῶν
1379 2969 1468 3025 κακῶν
1482 2971 1519 3049 τῷ
1534 2968 1622 3050 δόμῳ,
1637 2971 1695 3040 τοθς
1709 3001 1736 3043 νο

95 3054 297 3138 Ὑστερίσαντες
307 3051 335 3113 δί
345 3055 374 3114 οὗ
385 3055 488 3133 πολλῷ]
500 3052 580 3133 ἤγουν
591 3053 647 3132 μετ’
655 3053 741 3133 ὀλίγον
751 3053 874 3122 ἰλθόντες.
918 3046 1122 3126 όνομαίομίνους
1142 3049 1189 3126 μὲν
1209 3049 1304 3117 καλοὺς
1323 3051 1467 3129 κάγαθοὺς,
1486 3057 1538 3117 τῶν
1558 3055 1585 3114 δί
1606 3063 1695 3118 κακῶν

95 3145 185 3208 ..Τὸ
198 3145 245 3223 μίν
260 3141 440 3223 παραχρῆμα]
452 3143 509 3199 ἀντὶ
521 3146 568 3200 τοῦ
580 3140 649 3200 κατὰ
662 3140 693 3200 τὸ
706 3140 822 3208 ἐνεστώς.
836 3177 876 3187 -
918 3136 1022 3194 πάντων
1043 3136 1140 3204 αἰτίους
1158 3135 1234 3204 ὄντας
1254 3140 1293 3217 τῷ
1314 3138 1403 3219 δήμῳ,
1423 3139 1466 3198 διδ
1489 3140 1523 3199 τίς
1543 3142 1596 3202 ἰδία
1615 3145 1694 3227 κίρδη

95 3255 118 3294 ν.
132 3229 284 3309 ww]
298 3229 377 3305 ἤγουν
393 3227 544 3306 ἀισῆιησαν.
560 3262 600 3272 -
615 3226 813 3295 Ἀνιλκθσανσις
830 3226 876 3296 τίς
918 3221 1063 3303 πράγματα
1076 3221 1239 3302 πορίχονταε
1252 3227 1305 3289 τοῖς
1318 3223 1366 3295 τίν
1380 3225 1534 3307 ὀλιγαρχίαν
1548 3235 1695 3294 καθιστᾶσι.

95 3322 171 3400 ναῦς]
187 3321 223 3386 εἰς
235 3316 283 3389 πῆν
295 3321 344 3395 γῆν
356 3314 484 3387 δηλονότι.
918 3343 958 3353 -
971 3308 1026 3369 Καί
1038 3309 1068 3367 τδ
1088 3309 1136 3382 μὲν
1155 3309 1196 3368 ἰπ’
1214 3310 1320 3377 ίκείνοις
1339 3302 1418 3390 εἰναι]
1437 3312 1467 3371 τδ
1481 3304 1547 3373 εἰναι
1565 3320 1694 3397 περιττόν.

58 3427 85 3469 ⁸
135 3408 224 3469 XLV.
246 3403 405 3483 Ὺπσχνιρεῖ]
431 3402 509 3480 ἤγουν
534 3401 619 3482 λάθρα
641 3401 769 3482 ίχῶρησε.
793 3437 834 3447 -
852 3422 875 3462 2.
917 3394 987 3472 λέγει
1000 3392 1027 3454 δί
1039 3394 1079 3454 ότι
1090 3396 1150 3455 ὅσον
1164 3395 1207 3455 ἰπὶ
1220 3400 1273 3463 τοῖς
1282 3399 1458 3478 ὀλιγαρχικοῖς
1473 3401 1581 3476 μᾶλλον,
1599 3401 1616 3473 ἢ
1637 3404 1696 3465 ὅσον
1710 3432 1736 3472 35

97 3491 257 3570 Ξυοίῃμγν]
278 3488 335 3548 ἀντί
348 3494 411 3566 τοῦ,
430 3491 467 3556 εἰς
480 3488 566 3567 ὀλίγον
585 3488 740 3548 mmm.
760 3522 801 3534 -
813 3492 877 3556 Τοῖς
919 3482 1113 3551 ίπίτοῖςκαλοῖς
1122 3483 1432 3562 κάγαθοῖςλεγομίνοῳί
1442 3486 1516 3546 άλλοι
1525 3487 1556 3546 δν
1567 3490 1612 3548 καί
1620 3491 1697 3572 άκρι-

97 3580 211 3659 ίαυτῶν]
225 3577 332 3644 ναόταις
347 3573 475 3648 δηλονότι.
491 3611 529 3621 -
549 3575 600 3637 Ἐκ
617 3575 778 3657 περιουσίας]
796 3576 876 3654 ἤγουν
917 3592 958 3629 τοι
974 3570 1019 3630 καί
1033 3569 1098 3651 πρὸς
1112 3570 1172 3651 βίαν
1190 3571 1386 3642 ἀποθνήσκοιεν.
1403 3608 1443 3619 -
1455 3594 1475 3634 7.
1492 3574 1695 3657 ’Κπισταμίνας]

97 3670 263 3745 mm,
281 3698 323 3710 .-
340 3661 441 3744 Χοίραν]
459 3662 539 3739 ἤγουν
557 3661 678 3744 ἄχρηστα
695 3663 721 3729 lg
738 3660 841 3741 μάχην,
858 3661 876 3734 ἢ
918 3655 1246 3739 διδαχθιίοας.-Σαφῶς
1255 3658 1331 3726 αὒτδς
1340 3659 1435 3719 εἰδίναι
1446 3662 1490 3739 ]
1500 3660 1546 3720 καί
1556 3663 1632 3732 αῦτδς
1645 3686 1696 3724 σοιι

98 3758 205 3828 ἀσθενῆ.
226 3788 266 3799 -
285 3771 307 3813 ε.
327 3748 409 3817 'nm
430 3749 507 3808 δόντα
529 3749 656 3830 χρῆματα
677 3748 755 3808 αἰιτδν
775 3751 877 3829 πεῖσαι]
919 3743 1121 3828 φιῗιςιίδίνσιότι
1132 3747 1160 3803 αἰ
1172 3744 1260 3812 πόλεις
1271 3745 1298 3814 ίξ
1309 3748 1395 3805 αὐτῶν
1406 3749 1457 3806 τῶν
1469 3747 1698 3833 ίργωνοῦτωφρο-

58 3869 85 3911 εο
98 3845 199 3915 ίπιιθε,
212 3839 308 3922 φησίν,
322 3841 337 3896 ό
354 3836 519 3909 Ἀλκιδιάδης
534 3837 577 3897 τθν
591 3837 775 3922 Τισσαφέρνην
790 3839 877 3897 δοῦναι
919 3837 1016 3892 νοῦσιν.
1030 3866 1071 3876 -
1081 3830 1185 3891 Οὔκουν
1199 3835 1285 3913 ίαυτῷ
1299 3834 1341 3912 γε]
1355 3833 1483 3915 γράφεται
1495 3837 1583 3896 οἰκεῖν.
1709 3857 1736 3898 ευ

95 3929 227 4013 γρῆματα
244 3935 298 3994 τοῖς
318 3923 486 4007 τριηράρχοις
509 3927 561 3983 τῶν
581 3922 812 4001 Πελοποννησίων,
834 3922 877 3982 ίνα
959 3920 1060 3980 XLIX.
1080 3914 1181 4000 Ὦςπερ
1197 3919 1242 3979 καί
1261 3920 1291 3980 τὸ
1307 3923 1410 4001 πρῶτον
1428 3925 1515 3990 αὐτοῖς
1527 3922 1623 4002 ἰδόκει]
1640 3923 1697 3984 ἰδό-

99 4012 303 4096 ξυγχωρῆοινσιν
318 4014 390 4092 αὐτῷ
406 4009 464 4070 δντί
484 4014 531 4083 τῆς
544 4012 665 4091 δραχμῆς
681 4009 823 4092 τριόιόολον
840 4014 878 4092 τῷ
919 4005 1037 4087 κειγδρ,
1051 4005 1141 4088 φησίν,
1153 4009 1240 4074 αὐτοῖς
1251 4007 1296 4066 καί
1307 4007 1338 4067 τδ
1356 4012 1459 4086 πρῶτον
1474 4008 1637 4089 τδπερόντα
1652 4010 1697 4069 δί-

98 4099 248 4185 στρατιῶτη
266 4099 373 4159 διδόναι.
388 4100 406 4176 §
419 4102 437 4169 ἤ
452 4096 570 4166 σύνταξις
586 4096 674 4166 οὕτως
688 4097 823 4157 ἰδίδασκεν
840 4097 879 4156 ίτι
919 4100 1021 4174 χεοθαι
1037 4092 1145 4154 -Καί
1158 4099 1204 4166 τῆς
1218 4099 1264 4152 τοῦ
1276 4095 1330 4153 ἰκιῖ
1341 4093 1437 4173 δῆμον]
1452 4100 1497 4153 τοῦ
1511 4098 1538 4154 ἰν
1550 4100 1609 4164 ταῖς
1622 4098 1697 4170 'Ao-5-

98 4190 143 4250 τὸν
156 4187 353 4270 Τνσσαρίρνην,
372 4183 435 4254 ῶςτε
449 4185 526 4245 δόντα
545 4184 672 4266 χρήματα
693 4183 771 4244 αθτδν
789 4185 879 4244 πεῖσαι
920 4204 976 4248 ναις
991 4179 1121 4253 δηλονότι.
1141 4180 1187 4240 καί
1204 4178 1255 4260 γδρ
1271 4183 1285 4238 θ
1304 4179 1348 4238 ίπί
1365 4184 1418 4240 τῶν
1435 4184 1498 4239 νεῶν
1512 4184 1539 4240 ἓν
1557 4187 1590 4257 τῆ
1611 4182 1698 4266 Σάμῳ

60 4302 87 4344 εν
98 4272 384 4357 καίτοδςτριηράρχους
392 4271 437 4332 καί
446 4271 505 4338 τοὺς
517 4270 678 4353 στρατηγοὺς
685 4274 736 4330 τῶν
747 4270 877 4344 ’πόλιωιη
920 4267 1031 4348 στρατός
1044 4271 1095 4325 τῶν
1109 4266 1250 4339 Ἀθηναίων
1265 4267 1346 4344 δῆμος
1359 4258 1401 4339 ἤν.
1711 4292 1738 4331 νο

98 4363 169 4436 πλῆν
185 4366 237 4421 τῶν
255 4359 450 4442 Συρακουσίων,
467 4363 637 4439 συγχωρῆσαι
651 4362 723 4440 αὑτῷ
734 4362 826 4418 ταῦτα.
839 4393 879 4403 -
960 4357 995 4416 Ι..
1018 4353 1183 4422 Ἐνδίίονται
1199 4352 1293 4432 αἰτῆν]
1310 4353 1390 4432 ἤγουν
1406 4356 1556 4425 ίνδιαθίτως
1572 4359 1617 4417 καί
1632 4381 1697 4435 γνη-

98 4473 122 4512 ο.
136 4451 200 4518 Τοῖς
215 4449 287 4517 ἰδίοις
301 4493 317 4508 ..
331 4446 437 4513 εἰκότως
451 4445 613 4528 φειδόμενον]
628 4445 733 4514 εἰκότως
747 4445 879 4527 φείδεσθαι
921 4441 983 4509 σίως
996 4440 1120 4511 δέξονται.
1133 4476 1173 4486 -
1183 4439 1278 4508 Δείσας
1288 4441 1353 4521 πρδς
1365 4441 1414 4514 τῆν
1426 4443 1577 4503 ἐναντίωσιν
1591 4447 1633 4525 ..]
1647 4445 1699 4505 διί-

99 4537 143 4598 διδ
156 4537 187 4597 τό
198 4540 228 4598 ἐκ
238 4539 290 4595 τῶν
303 4533 376 4594 ἰδίων
390 4533 548 4594 ἀναλίσκειν.
914 4544 982 4600 σας,
994 4528 1072 4610 φησί,
1085 4528 1122 4606 μῆ
1131 4571 1139 4601 ,
1149 4527 1306 4595 ὖπῑναντίοκ
1317 4532 1351 4608 τῇ
1362 4527 1453 4608 γνώμῃ
1466 4532 1545 4590 αὐτοῦ
1557 4533 1697 4607 κατελθὼν,

139 4625 241 4687 XLVI.
260 4645 281 4684 α.
298 4621 366 4682 Καθ’
379 4619 418 4699 ίν]
438 4619 515 4701 μόρος
531 4620 658 4691 δηλονότι.
673 4654 713 4664 -
725 4617 881 4681 Εὖτελίοτε-
922 4615 1113 4688 όἈλκιόιάδης
1127 4615 1235 4700 κακῶοη
1250 4614 1339 4675 αὐτόν.
1352 4650 1393 4661 -
1406 4637 1428 4677 α.
1445 4618 1500 4677 Καί
1514 4617 1582 4694 μετὰ
1595 4625 1642 4678 τοῦ
1652 4625 1699 4693 τῆς

58 4744 87 4784 w
102 4712 148 4793 ρα]
163 4709 306 4769 ἀντίκειται
322 4712 360 4790 τῷ
375 4709 516 4766 πολυτελεῖ
528 4705 562 4765 τίι
575 4704 752 4785 εὐτελέστερα.
768 4706 878 4764 ἀδαπα-
921 4703 1021 4769 πόλεως
1041 4701 1200 4784 ἀξυμφόρου]
1222 4705 1245 4761 εἰ
1270 4701 1315 4762 καί
1342 4702 1409 4780 μετδι
1427 4704 1498 4763 *τοῦ
1527 4708 1572 4776 τῆς
1598 4707 1698 4775 πόλεως
1711 4730 1738 4770 ω

100 4799 202 4879 νῶτερα
222 4787 267 4856 σόν
284 4796 362 4875 λίγει,
382 4830 423 4841 --
436 4815 459 4855 ο.
473 4795 527 4854 Τδν
540 4792 617 4872 λόγον
635 4817 663 4852 τε
678 4791 879 4874 ξυμφορώτατον
898 4728 902 4862 ί
921 4792 936 4821 ⁴*
951 4787 1104 4870 άξυμφόρος.
1119 4823 1157 4838 -—
1168 4785 1567 4867 ε.Ἄλλωςτε...]άλλωςτεοῦδί
1577 4794 1699 4853 διενοεῖτο

100 4887 145 4947 καί
156 4883 313 4967 τδίργον...]
321 4882 380 4950 τοῦς
388 4881 537 4955 Ἀθηναίους
543 4882 588 4942 καί
598 4880 650 4940 ἀπὸ
659 4884 710 4939 τῶν
721 4880 803 4960 ἔργων
815 4903 880 4958 συμ-
921 4881 1106 4957 τιμωρεῖσθαι,
1126 4875 1171 4934 καί
1185 4881 1269 4935 ταῦτα
1287 4875 1346 4936 οθδί
1364 4877 1543 4954 συμμίσγοντα
1560 4882 1640 4960 αὐτῶ.
1659 4914 1699 4928 -

100 4973 261 5057 ρορωτίρους
275 4960 341 5030 εἶναι
355 4969 405 5053 ίφη
425 4971 544 5049 βασιλεῖ,
564 4970 812 5045 καταπολεμοῦντας
831 4967 878 5039 τῆν
922 4967 968 5032 Ἐς
981 4965 1082 5045 χεῖρας]
1095 4964 1175 5042 ἤγουν
1188 4966 1224 5030 εἰς
1233 4963 1337 5040 δμιλίαν
1351 4964 1396 5023 καί
1409 4963 1525 5033 δεξίωσιν
1535 4967 1647 5047 φιλυιῆν.
1659 5003 1698 5014 -

100 5059 231 5124 Ἑλλάδα.
242 5094 281 5105 -
289 5056 359 5124 Τοθς
371 5055 418 5138 μίν
429 5055 480 5139 γδρ
492 5055 713 5137 ξυγκαταδουλαῦν
725 5053 757 5113 δν
767 5055 810 5133 ...]
821 5053 880 5120 τοδς
922 5073 944 5115 ε.
958 5051 1105 5131 Προςίθηκί
1116 5074 1158 5123 τε,
1168 5055 1203 5118 ῶς
1211 5049 1327 5130 ίλίγετο]
1336 5050 1379 5125 τό,
1393 5055 1427 5119 ῶς
1440 5051 1557 5129 ίλίγετο,
1567 5058 1698 5114 κάνταῦθα

1607 5176 1644 5215 ss.
