3676 5828
773 352 988 416 murano.
1537 356 1581 431 vn

173 498 330 594 quidem
344 498 426 564 loeo
435 490 498 561 lib.
513 485 764 583 vn1,cap.46,
777 511 886 557 nemo
899 483 1093 571 dubitavit,
1113 482 1177 553 ubi
1192 507 1248 554 res
1262 483 1484 554 manifestior
1497 498 1582 554 erat.

177 624 268 689 Eam
282 641 368 688 vero
384 613 600 685 sententiam
613 634 706 697 esse,
722 633 831 707 quam
847 632 912 703 ego
927 605 1099 701 expressi,
1116 618 1151 676 et
1163 629 1206 674 ex
1219 603 1454 701 sequentibus
1464 604 1584 675 verbis

177 741 266 811 satis
286 737 508 833 intelligitur,
525 748 561 804 et
581 731 822 828 comprobant
836 728 998 825 exempla
1012 728 1097 815 alia,
1113 727 1151 797 in
1165 727 1300 824 quibus
1321 726 1387 796 καθ’
1408 732 1437 795 ἔν
1453 725 1583 797 eodem

180 862 294 934 modo
308 860 451 947 dicitur,
467 854 585 954 qualia
600 854 744 949 collegit
758 857 870 924 llaase
881 851 927 922 ad
943 848 1112 948 Xenoph.
1126 850 1150 918 l.
1166 874 1196 919 o.
1212 874 1291 946 pag.
1307 848 1388 935 304.
1408 852 1496 934 Quae
1510 848 1576 919 reli

178 1008 253 1080 qua
272 995 357 1051 sunt
372 978 417 1050 de
431 978 503 1049 hoe
519 1000 648 1073 genere
663 975 810 1044 inventa
826 987 966 1063 nostra,
983 974 1156 1044 nolumus
1176 997 1275 1043 nunc
1290 995 1502 1044 memorare.

230 1109 413 1201 Superest,
436 1116 475 1171 ut
490 1099 649 1170 indicem
661 1096 749 1167 huic
763 1094 914 1165 editioni
927 1093 1108 1188 adjectum
1126 1091 1233 1163 laude
1245 1092 1365 1190 aliqua
1384 1089 1583 1162 lectoribus

178 1223 450 1312 commendem
464 1224 541 1319 ipse
556 1221 656 1292 enim
675 1217 766 1289 mihi
787 1217 885 1287 testis
900 1239 999 1302 sum,
1018 1213 1225 1310 confectum
1246 1236 1331 1282 eum
1348 1236 1427 1282 esse
1442 1235 1583 1282 summa

178 1349 363 1446 diligentia
377 1362 412 1418 et
426 1343 648 1432 assiduitate,
663 1331 738 1413 non
760 1339 909 1438 quidem
925 1339 989 1425 ita,
1004 1351 1045 1408 ut
1058 1335 1178 1406 verbis
1198 1334 1322 1405 multis
1342 1335 1438 1432 ipsas
1455 1358 1511 1404 res
1527 1358 1584 1429 ge·

178 1487 252 1541 stas
268 1493 484 1557 enarrarem,
506 1464 607 1564 quod
628 1462 756 1537 inutile
778 1461 979 1548 videbatur,
1005 1457 1069 1529 sed
1086 1473 1129 1528 ut
1145 1471 1308 1528 accurate
1328 1455 1428 1526 locos
1449 1478 1579 1526 omnes

179 1593 389 1681 indicarem,
406 1590 540 1688 quibus
557 1587 731 1686 quodque
750 1609 885 1658 nomen
906 1582 1095 1677 legeretur,
1116 1577 1274 1676 exceptis
1294 1576 1506 1648 nominibus
1525 1575 1581 1664 iis,

176 1739 259 1814 quae
275 1713 443 1812 leguntur
458 1711 605 1808 ubique.

234 2540 345 2599 Emissa
359 2538 414 2597 hae
424 2538 547 2597 editione
565 2537 685 2597 Heasius
703 2539 784 2610 novis
800 2540 876 2597 euris
889 2537 1088 2614 Thucydidem
1104 2543 1270 2598 retractavit
1284 2545 1312 2597 et
1330 2539 1464 2615 preclara
1477 2556 1576 2600 eorum

191 2633 356 2692 studiorum
368 2635 518 2708 eritieique
530 2649 587 2707 quo
599 2631 684 2707 pollet
695 2635 800 2709 ingenii
811 2637 967 2708 specimina
981 2633 1073 2692 edidit
1089 2636 1119 2692 in
1132 2633 1226 2694 libello
1237 2634 1289 2694 Fr.
1303 2635 1425 2706 Haesit,
1438 2635 1494 2712 pli.
1510 2637 1574 2708 dr„

188 2725 274 2806 pros.
308 2727 475 2802 Vratislev,
511 2726 731 2787 lumtbrationes
766 2727 971 2806 Thucydideo.
994 2728 1097 2790 Berol.
1122 2741 1207 2791 1841.
1235 2730 1318 2791 Unde
1336 2735 1516 2809 excerpenda
1543 2743 1573 2795 et

193 2821 1573 2904 nostriseumieemribuseommunieandaesseputavimusquaeininterpretationeiatinaiIea·

193 2921 231 2977 sii
246 2936 304 2977 non
316 2923 378 2994 jam
390 2924 472 2978 eram
481 2933 624 2992 expressa.

237 3032 316 3091 Libri
330 3033 343 3091 l
355 3049 382 3092 e.
395 3041 429 3109 2,
440 3035 475 3108 6,
485 3033 512 3098 ἐς
527 3040 591 3108 post
601 3029 733 3108 μετοικίας
748 3033 902 3094 delendum
913 3049 975 3094 esse
988 3034 1097 3095 indicat
1111 3037 1315 3111 interpretatio.
1329 3069 1367 3082 -
1384 3047 1436 3110 94,
1451 3048 1467 3099 5
1484 3039 1536 3116 leg.
1551 3041 1574 3097 οἱ

195 3129 224 3186 δὲ
233 3127 439 3194 tedium·-
449 3139 504 3205 68,
519 3138 532 3188 1
546 3133 645 3207 graeeis
652 3132 734 3189 aliter
740 3131 882 3190 distinctis
890 3132 920 3189 in
934 3131 1022 3189 latina
1030 3134 1261 3206 interpretatione
1273 3133 1470 3209 scribendum,
1483 3158 1494 3184 ο
1506 3135 1574 3194 facit

195 3234 230 3285 ut
245 3227 363 3300 reliquis
375 3227 474 3303 nobis,
494 3229 519 3285 si
536 3228 606 3302 quid
619 3228 765 3303 (ἰίοοιυυι,
779 3224 866 3285 fldem
879 3226 1007 3287 habeatis
1020 3230 1170 3288 minorem.
1189 3255 1254 3278 ι-
1268 3231 1321 3304 69,
1338 3238 1354 3289 5
1368 3231 1427 3290 fine
1441 3232 1574 3306 probabi·

195 3321 255 3378 lius
265 3326 308 3379 est
318 3318 389 3385 τινάς
402 3341 452 3378 που
466 3318 512 3378 καὶ
524 3321 572 3378 οὐκ
585 3319 785 3400 ἀπαρασκεύους
798 3322 844 3380 vel
854 3342 906 3378 που
917 3321 964 3379 οὐκ
978 3320 1189 3401 ἀπαρασκεύους,
1201 3341 1291 3399 quum
1304 3342 1355 3399 per
1367 3342 1412 3399 se,
1425 3334 1489 3386 tum
1507 3344 1575 3388 vero

194 3418 221 3475 61
242 3417 394 3476 consillum
407 3419 527 3476 oratoris
548 3424 667 3493 speeies.
684 3450 725 3460 -
746 3426 799 3493 79,
822 3426 840 3476 2
856 3420 910 3494 leg.
927 3418 1026 3476 ἀδικεῖν
1042 3440 1071 3476 τε
1087 3416 1146 3486 τοὺς
1160 3417 1307 3490 Ἀθηναίους
1321 3420 1366 3480 καὶ
1387 3422 1437 3495 ἤδη
1458 3426 1519 3485 πολ.
1535 3457 1574 3471 -

198 3520 306 3586 112,4
326 3519 399 3572 extr.
421 3514 478 3590 leg.
501 3515 560 3584 νῆες
575 3514 603 3570 αἱ
623 3510 702 3570 πάλιν
723 3513 853 3573 ἕλθοῦσαι.
872 3547 912 3557 -
935 3525 1005 3590 123,
1029 3525 1055 3593 1,
1077 3518 1127 3575 lln.
1144 3527 1160 3577 9
1180 3519 1279 3578 malim
1296 3521 1348 3577 τῶν
1369 3519 1489 3580 ἔσέπειτα
1509 3523 1573 3600 μελ-

195 3603 305 3665 itm.

236 3726 319 3785 Lilii'i
333 3726 363 3784 ll
376 3741 401 3783 c.
420 3733 453 3801 d,
468 3733 485 3782 t
503 3724 558 3798 leg.
577 3719 747 3779 ὶσπίπτυυσιν
763 3722 789 3788 ἐς
801 3720 900 3800 οἴκημα
912 3725 980 3801 μέγα
986 3768 994 3796 ,
1007 3724 1021 3782 ὃ
1037 3716 1069 3797 ἦν
1088 3732 1133 3785 τοῦ
1144 3728 1245 3807 τείχους
1258 3733 1381 3810 πλησίον,
1396 3733 1440 3792 καὶ
1453 3736 1481 3793 αἱ
1499 3736 1574 3816 θύραι

196 3819 361 3897 ἄνεοαῃιέναι
377 3819 469 3898 ἔτυχον
482 3819 572 3879 αὐτοῦ.
587 3852 627 3862 -
648 3821 736 3895 ami
758 3821 813 3896 leg.
837 3819 969 3902 βᾶρθαρον
987 3819 1136 3895 ἣἝλληνα
1152 3825 1277 3908 πολέμιον
1298 3830 1413 3892 ἐπιόντα.
1427 3868 1467 3877 -
1491 3844 1540 3912 41,
1555 3839 1573 3894 3

195 3920 264 3978 lori.
277 3918 316 3994 τῷ
327 3913 445 3995 πολεμίῳ
461 3911 607 3974 ἀπελθόντι.
625 3948 665 3958 -
679 3925 732 3991 89,
748 3925 763 3973 7
779 3916 845 3976 fort.
860 3914 911 3988 ἤδη
924 3915 1054 3977 ἔπταισεν.
1071 3951 1109 3962 -
1125 3929 1179 3996 94,
1197 3926 1328 3984 &melius
1344 3929 1412 3986 olim
1427 3931 1573 4006 vulgatum

195 4013 317 4097 φυλακὴν
327 4013 379 4086 ἤδη
393 4017 437 4072 τοῦ
453 4013 487 4071 ll.

237 4130 317 4199 Libri
336 4129 541 4188 litatem.
557 4127 741 4188 scribendum
754 4124 865 4203 λιμένων
889 4125 958 4207 πέρι.
974 4161 1013 4171 -
1031 4138 1080 4203 12,
1101 4138 1111 4188 1
1129 4130 1182 4208 leg.
1198 4132 1326 4204 ἀλλήλους
1339 4138 1520 4217 1669116119·
1533 4177 1573 4189 -

199 4236 253 4300 18,
269 4236 286 4285 4
300 4225 358 4284 stne
373 4226 427 4301 leg.
441 4221 681 4304 ἐγκατῳκοδόμηιο.
692 4256 731 4266 -
744 4232 797 4300 29,
816 4233 828 4281 1
843 4239 929 4298 prope
945 4230 1073 4283 extrema
1088 4227 1142 4301 leg.
1158 4228 1271 4288 videtur
1284 4234 1317 4309 τῇ
1331 4232 1415 4313 Πάρῳ
1426 4233 1471 4291 καὶ
1481 4236 1571 4295 illuxi-

194 4343 232 4399 νῳ
248 4323 293 4380 vel
309 4321 431 4397 certer}
447 4316 561 4398 Μυκόνῳ
578 4315 623 4379 καὶ
643 4315 753 4397 Ἰκάρῳ,
767 4334 856 4393 quum
879 4321 950 4378 alter
967 4320 1037 4378 ordo
1050 4324 1088 4378 sit
1102 4325 1222 4397 ineptum
1240 4359 1280 4369 -
1304 4336 1356 4404 ³8,
1379 4340 1405 4403 1,
1422 4332 1471 4390 lin.
1489 4343 1506 4393 6
1525 4334 1571 4393 de·

195 4416 312 4474 lendum
326 4413 363 4486 ὄν,
379 4421 407 4473 91
418 4417 557 4490 jungatur
575 4410 716 4470 ἀντίπαλον
734 4429 799 4472 eum
816 4410 953 4492 erumpitur.
974 4445 1011 4456 -
1033 4423 1086 4488 56,
1101 4417 1183 4494 dleg.
1200 4419 1331 4496 πολεμίοις
1347 4421 1377 4480 τὸ
1391 4423 1489 4483 δίκαιον
1503 4444 1571 4487 cum

195 4511 336 4587 Kragero.
350 4544 390 4554 —
405 4519 486 4586 ⁷8,1
507 4507 564 4587 leg.
575 4506 773 4590 ἐταλαιπώρουν
788 4508 884 4567 einai
904 4508 1003 4574 αὑτούς.
1014 4544 1054 4556 -
1068 4522 1121 4588 89,
1137 4524 1153 4573 5
1168 4532 1254 4592 prope
1265 4517 1314 4576 tin.
1330 4521 1511 4582 scribendum
1526 4528 1569 4583 vi·

194 4608 281 4666 detur
294 4605 384 4672 ἁπλῶς
397 4606 454 4662 τοθ
471 4603 581 4682 φθάσας.
595 4638 636 4648 -
650 4615 704 4679 98,
721 4619 736 4663 4
759 4609 863 4664 rectius
878 4606 1018 4665 scribetur
1036 4605 1203 4670 Ἀπέθανον...
1223 4611 1328 4671 ἑκατόν·
1340 4620 1457 4674 τοσοῦτοι
1476 4615 1523 4694 μὲν
1538 4621 1568 4678 τθ

194 4705 293 4771 πλῆθος
307 4700 351 4758 καὶ
364 4699 455 4771 ἡλικία
469 4704 486 4771 ἡ
500 4698 565 4770 αὐτὴ
579 4690 649 4759 οὗτοι
662 4699 733 4778 pete.
746 4708 800 4760 ete.
810 4733 850 4743 -
866 4709 937 4775 ¹08,
951 4710 963 4758 1
976 4709 1048 4761 extr.
1059 4707 1162 4765 meiius
1175 4703 1312 4777 ἐπεξῆλθον
1327 4711 1438 4769 codices
1448 4729 1567 4773 numero

194 4800 303 4874 piures.
316 4796 389 4855 ibid.
406 4798 488 4873 eleg.
505 4812 572 4855 cnm
583 4795 768 4855 Bloomtieldo
776 4795 840 4876 πρὸς
853 4794 883 4853 τὸ
898 4793 989 4877 Ἀργος
1003 4800 1151 4872 ἐπεδίωξαν.

236 4910 315 4969 iibri
335 4909 374 4968 iv
387 4927 413 4969 c.
430 4919 481 4986 18,
496 4921 514 4970 4
527 4912 579 4988 leg.
592 4910 738 4991 Σωφρθνων
752 4909 779 4970 δὲ
799 4915 898 4994 ἀνδρῶν
910 4914 1000 4984 οἵτινες
1010 4918 1112 4996 τάγαθὰ
1130 4922 1155 4987 i<
1169 4921 1312 5001 θμφίὸολον
1329 4926 1451 5005 ἀσφαλῶς
1464 4927 1563 5004 ἔθεντο,

196 5006 242 5062 καὶ
263 5005 321 5069 ταῖς
334 5002 473 5085 ξυμφοραῖς
486 5007 509 5064 οἱ
529 5005 603 5064 aizel
618 5005 812 5090 εὖξυνετώτερον
832 5007 865 5067 ἂν
885 5011 1080 5093 προσφέροιντο·
1095 5013 1121 5072 οἵ
1132 5038 1159 5072 τε
1181 5015 1296 5094 πόλεμον
1311 5019 1448 5095 νομίσωσι,
1468 5027 1513 5085 vel
1528 5025 1572 5085 τόν

198 5124 226 5158 τι
241 5099 357 5176 πολεμον
366 5099 392 5158 ο1
401 5101 525 5178 νομίσωσι
540 5101 576 5182 μὴ
591 5103 648 5163 καθ’
665 5103 724 5163 ὅσον
741 5103 772 5163 ἄν
782 5129 821 5172 τις
837 5116 891 5167 eto.
906 5133 918 5162 ι
936 5111 1015 5170 inter
1029 5113 1190 5174 moderatos
1204 5117 1280 5174 viros
1295 5120 1458 5196 quicunque
1472 5138 1576 5192 seeun-¹
