3676 5828
165 323 202 374 8ss
760 311 1156 386 summamus—100.

198 449 287 512 XCV.
309 445 351 508 Δι’
372 445 478 524 ἀλίγον]
500 443 577 524 λόγου
599 445 725 518 δηλονότι
750 446 768 518 ἤ
793 449 820 507 ἐν
847 448 943 528 βραχεῖ
984 471 1044 511 τινα
1067 450 1221 529 γίγνεσθαι]
1248 449 1328 530 ἤγων
1357 449 1510 530 ξυγγνώμην
1544 449 1711 531 λαμὸάνιιν.
1739 488 1777 504 -

159 536 254 620 χρόνῳ·
268 535 298 593 τδ
309 533 365 593 ίσον
380 531 408 591 δὲ
424 532 480 612 ἔχει
492 533 598 600 πολλοῖς
611 536 710 612 λόγοις,
725 535 770 594 καλ
789 535 940 614 ύπομιμνῆ-
985 534 1048 596 Ἀπὸ
1058 540 1110 594 τῶν
1125 534 1280 618 ξυμφορῶν]
1300 537 1353 597 ἀπὸ
1364 543 1416 598 τῶν
1427 537 1602 623 ἀπιρρεόντινν
1619 543 1723 602 δεινῶν.
1736 576 1777 590 -

160 620 524 703 σκιινμδλλονῆπροτρίπιιν
541 619 658 682 δύναται.
668 656 707 667 -
720 644 742 683 ν.
754 624 941 705 Ἀναρῤιπτοῶ-
985 657 1025 668 -
1035 624 1212 704 Τολμῆσασι]
1227 626 1365 706 τολμηρῶς
1378 625 1492 708 πράξασι
1508 625 1585 708 παρά
1598 627 1637 687 τά
1651 636 1776 704 καθεστη·

160 714 221 793 μεν]
242 709 425 792 ῥιψοκινδύνως
443 707 622 786 λαμύάνομεν.
640 713 657 787 §
673 711 731 768 ἀντὶ
744 716 803 784 τοῦ,
817 715 846 771 ού
860 735 941 792 προς·
984 709 1058 769 κότα.
1077 746 1117 757 -
1138 733 1161 773 7.
1186 712 1333 792 Ἐκείνουτ]
1353 713 1411 781 τοὺς
1431 715 1571 782 Βοιωτούς.
1591 718 1610 794 §
1630 715 1694 785 τοὺς
1713 720 1773 791 θη·

132 800 275 876 σηκύντως
296 795 401 857 τοσόνδε
427 795 543 855 κίνδυνον
564 797 754 877 ἀναδεχόμεθα.
775 844 805 854 -.
823 799 871 861 Ἐν
890 801 941 883 γὰρ
986 797 1087 872 δαίους,
1106 799 1240 869 ἀξιοῦντας
1254 802 1406 879 κομίζεσθαι
1420 800 1467 880 μὲν
1484 802 1515 861 τὸ
1528 803 1599 884 ίιρδν
1613 802 1648 863 τό
1661 805 1706 864 ἀπὶ
1718 811 1798 878 Any-⁸

101 954 103 959 .
159 884 375 969 τῇτούτων]γῇ
390 883 518 954 δηλονότι.
542 922 573 932 -
595 903 618 945 ν.
639 884 788 966 Χωρήσατε
802 877 894 967 ούν...]
911 888 941 947 τὸ
984 885 1049 966 λίην,
1072 888 1271 947 ἀνταποδιδόναι
1285 888 1386 957 δίτοθς
1407 889 1510 970 νεκροὺς
1532 892 1587 959 τοῖς
1611 891 1772 967 Ἀθηναίοις,

99 1023 102 1043 ;
161 976 232 1048 ἑξῆς,
252 974 394 1055 χωρήσατι
416 961 461 1030 ούν
478 972 504 1038 ἐς
522 969 614 1039 αὐτοὺς
633 971 709 1041 ἀξίως
722 977 769 1044 τῆς
787 974 896 1042 πόλεως.
911 1014 941 1024 -
986 974 1089 1032 ἀσεύεῖν
1108 977 1209 1052 μᾶλλον
1232 977 1301 1057 ἤπερ
1321 976 1380 1045 τοὺς
1402 977 1565 1050 Ἀθηναίους,
1586 977 1628 1057 μὴ
1652 979 1773 1048 θιλσπας

97 1071 103 1128 ’,
161 1063 209 1130 Ἐς
228 1060 336 1140 αὐτούς]
353 1058 414 1127 τούς
438 1057 627 1127 ἐναντίους-
647 1059 701 1120 Καὶ
726 1063 778 1119 τῶν
800 1057 941 1145 πατέρων]
985 1061 1144 1139 κομίσασθαι
1159 1063 1192 1122 τό
1207 1064 1244 1142 μὴ
1258 1063 1392 1146 πρέποντα
1404 1070 1457 1133 τοῖς
1469 1067 1560 1146 ἱεροῖς,
1576 1067 1650 1144 μηδί
1667 1069 1770 1150 νεκραλς

162 1150 214 1210 ἀπὸ
227 1152 313 1209 κοινοῶ
324 1147 355 1207 τδ
368 1146 453 1216 ἀξίως.
985 1153 1049 1208 θεῶν
1063 1151 1354 1212 ἀντικαταλλάττεσθαι.
1367 1174 1435 1214 -α
1446 1152 1492 1226 Μῆ
1504 1155 1648 1234 ἀπιοῦσιν]
1662 1157 1771 1217 άντίτοῶ

125 1245 150 1285 ¹⁰
201 1238 301 1298 xcvl.
323 1234 404 1295 Τδδὲ
417 1231 515 1314 πλέον]
528 1236 752 1317 τοῦστρατοῶ.-
765 1233 941 1316 Φθοίσαντος]
986 1236 1024 1316 μι]
1037 1238 1271 1313 ἀπιόντες-Μὴ
1281 1243 1418 1320 ἀπιοῦσιν]
1432 1241 1529 1301 ὅτιαῦκ
1542 1242 1802 1325 ἀναχωρήσουσινΛν

161 1331 209 1385 νῦν
234 1323 292 1383 ἀντί
314 1327 360 1382 τοῦ
380 1320 584 1389 καταλαύόντος.
602 1349 633 1359 -
653 1321 815 1404 Προςίμιξαν
836 1323 941 1406 δρόμῳ]
1025 1327 1124 1388 XCIX.
1145 1327 1280 1400 Ἑαυτῶν]
1295 1332 1346 1387 τῶν
1364 1332 1544 1391 Βοιωτῶνκ-
1558 1331 1593 1391 Εί
1613 1330 1691 1405 δὲ...]
1706 1334 1771 1392 ιίδί

91 1407 104 1462 ἶ
163 1414 251 1480 αὐτοῖς
263 1410 382 1483 δηλονότι
393 1409 556 1491 προέχοντες.
611 1431 633 1471 ν.
646 1413 705 1471 Ούκ
718 1402 795 1484 ἤλθιν
804 1415 830 1479 ἐς
839 1412 940 1493 χεῖρας]
986 1414 1104 1474 δοκοῦσιν
1117 1418 1141 1473 οί
1153 1415 1283 1486 Ἀθηναῖοι
1297 1415 1364 1475 ίδίαν
1378 1407 1446 1476 εἶναι
1457 1415 1507 1488 τῆν
1518 1421 1610 1495 γῆνέν
1624 1410 1678 1497 ἤοὶ
1687 1421 1770 1501 νεκροί

161 1501 241 1581 ἤγουν
251 1501 282 1559 οὐ
292 1496 674 1575 wamiam-’Ammaka
685 1498 800 1578 ίπαθεν]
813 1499 942 1582 ἑκατέροιν
985 1510 1101 1576 κεῖνται,
1115 1502 1189 1562 αὐτοὶ
1201 1503 1232 1562 τὸ
1245 1502 1366 1576 ποιητίον
1384 1504 1612 1584 γιγνωσκίτωσαν.
1629 1541 1673 1552 -
1686 1508 1771 1586 Νομί-

163 1587 284 1663 δηλονότι
304 1586 339 1647 τό
356 1586 467 1667 ίσχατα.
487 1621 529 1633 -
548 1584 675 1667 Ῥύακες]
694 1586 811 1670 ῥεύματα
833 1589 942 1671 δδρηγά.
986 1590 1087 1668 ζοντες]
1102 1594 1125 1650 οί
1140 1590 1259 1652 Βοιωτοί
1270 1626 1311 1638 -
1324 1592 1380 1653 Καί
1392 1595 1439 1652 οὐκ
1455 1591 1531 1672 ἀν...]
1546 1593 1592 1653 καλ
1606 1597 1659 1654 ὠκ
1669 1593 1702 1654 ἀν
1715 1595 1772 1664 τοὺς

125 1700 203 1739 ιι-
216 1674 397 1755 Ξυνεστήκει]
419 1672 578 1758 ίκατίρωθεν
606 1674 686 1742 ἑστὼς
710 1676 835 1755 ἐμάχετο.
857 1711 897 1721 -
920 1699 941 1738 ³.
986 1676 1116 1746 Βοιωτούς
1129 1678 1298 1759 κατισχύσειν
1311 1683 1364 1739 τῶν
1379 1680 1519 1753 Ἀθηναίων
1533 1683 1611 1762 ἀνιῇ
1632 1682 1769 1767 Ὠριιπίρ,
1783 1708 1802 1748 ιι

162 1765 218 1826 Καὶ
241 1762 375 1844 ἐπῄεσαν]
401 1765 425 1822 οί
456 1761 593 1835 Ἀθηναῖοι.
607 1797 648 1809 -
662 1765 769 1837 Αθτοῖς]
793 1765 845 1832 τοῖς
865 1765 944 1838 Ἀθη-
985 1762 1050 1832 ιίιςτε
1068 1765 1127 1835 τοὺς
1144 1765 1249 1848 νεκρούς
1268 1771 1412 1847 κατασχεῖν
1431 1769 1527 1828 αὐτῶν.
1550 1803 1592 1813 -
1612 1770 1683 1830 Οὐδ’
1695 1763 1771 1851 αἶ...]

87 1877 89 1882 ·
160 1850 249 1920 ναίοις.
262 1886 303 1897 -
320 1848 550 1912 Κνκλωθέντωνέν
564 1850 660 1934 όλίγιρ]
675 1852 790 1910 θπὸτῶν
803 1853 943 1927 Ἀθηναίων
986 1855 1041 1913 οὐδ’
1059 1848 1093 1913 αθ
1107 1854 1246 1915 ἐσπίδοντο
1258 1855 1387 1938 προροίσει
1396 1858 1431 1923 ὡς
1441 1857 1515 1928 δῆθεν
1530 1855 1680 1928 Ἀθηναίων
1696 1857 1773 1930 ὥσης

161 1939 188 1998 όν
200 1936 280 2019 ὀλίγῳ
293 1935 376 2018 τόπερ.
390 1955 461 1996 -ι,
476 1936 548 2018 Πρός
560 1935 590 1995 τδ
612 1937 779 2018 μαχόμενον]
795 1940 872 2020 μέρος
892 1941 942 1998 τῶν
987 1946 1033 2015 τῆς
1046 1947 1103 2020 γῆς.
1117 1942 1144 2002 τί
1157 1941 1208 2023 γάρ
1226 1941 1272 2001 καλ
1290 1941 1341 2002 ίδει
1363 1942 1424 2025 περί
1437 1946 1489 2002 τῶν
1508 1945 1536 2002 ἀν
1549 1948 1585 2024 τῇ
1599 1943 1710 2019 Ἀττικῆ
1722 1948 1774 2015 τοῖς

161 2028 283 2087 Βοιωτῶν
295 2023 326 2084 τό
339 2023 377 2084 ἔτι
391 2023 482 2104 μάχην
497 2023 634 2102 θπομίνον.
649 2028 666 2101 §
681 2025 782 2107 πρδςτδ
794 2028 887 2085 οἰκεῖον
898 2027 944 2086 καλ
988 2033 1111 2097 Βοιωτοῖς
1125 2028 1294 2102 σπένδεσθαις
1315 2029 1400 2091 -Τδ
1415 2028 1442 2089 δί
1457 2030 1501 2110 ...]
1514 2030 1646 2113 εὐπρεπὲς
1666 2010 1773 2092 δὲέἷναι

122 2135 149 2174 ιο
160 2112 198 2193 μῆ
213 2111 367 2192 ἤττημίνον.
382 2147 424 2158 -
441 2110 580 2194 Ἐκράτει]
602 2122 718 2194 κρεῖττον
737 2105 778 2187 ἤν.
795 2149 836 2160 -
857 2114 944 2175 Ὠοά-
988 2116 1176 2198 ἀποκρίνασθαι
1187 2120 1217 2176 ἐκ
1228 2121 1275 2188 τῆς
1289 2119 1408 2176 Βοιωτῶν
1419 2116 1545 2186 ἀπιόντας
1555 2117 1616 2187 ταλς
1626 2119 1804 2191 Ἀθηναίοις,

162 2202 253 2280 μενοι]
266 2199 325 2268 τοθς
338 2199 485 2273 Ἀθηναίους
501 2199 630 2272 δηλονότι.
641 2236 683 2248 -
700 2222 723 2262 ε.
742 2201 900 2283 Ξυνέδη...]
913 2204 943 2264 τδ
987 2202 1130 2263 ἀπολαόεῑν
1143 2202 1209 2278 άπερ
1222 2206 1347 2264 αἰτοῦσιν.

161 2291 231 2364 ίξῆς,
256 2290 350 2364 ξυνίύη
369 2292 395 2358 ἐς
414 2289 494 2372 ρόύον
517 2295 691 2362 καταστῆναι.
707 2326 748 2337 -
764 2291 943 2374 Ὑπερροινίν-
1027 2291 1060 2352 C.
1081 2310 1104 2352 ν.
1127 2290 1268 2372 Ἀκριύῶς]
1292 2288 1361 2350 κατὰ
1381 2288 1467 2372 φύσιν.
1489 2326 1530 2338 -
1555 2292 1772 2376 Ἐσεσιδῆρωτο]

160 2381 230 2459 των]
250 2379 302 2438 τῶν
315 2377 417 2437 ἱππέοιν
441 2381 493 2436 τῶν
518 2381 641 2438 Βοιωτῶν
665 2379 791 2451 δηλονότι.
810 2415 851 2426 —-
865 2401 886 2442 7.
908 2385 943 2443 Οί
986 2372 1049 2443 ὦςτῐ
1064 2375 1116 2436 ὑπὸ
1127 2383 1172 2437 τοῦ
1185 2377 1265 2455 πυρὸς
1277 2375 1314 2455 μὴ
1329 2375 1493 2457 βλάπτεσθαι
1505 2376 1554 2451 τὴν
1568 2380 1692 2462 κεραίαν.
1701 2418 1741 2429 -
1750 2401 1772 2443 ι.

162 2467 226 2547 μίν]
241 2465 307 2534 τινὲς
318 2470 369 2525 τῶν
384 2464 537 2538 Ἀθηναίων.
551 2500 592 2511 -
615 2469 725 2546 Αὐτῶν]
745 2472 797 2527 τῶν
813 2473 943 2531 Βοιωτῶν,
987 2466 1134 2545 Στεγανῶς]
1146 2465 1240 2524 ταυτὸν
1253 2466 1333 2524 εἰπεῖν
1344 2463 1386 2523 διὰ
1400 2471 1524 2546 στεγανοῦ
1539 2467 1676 2547 σώματος.

121 2584 149 2624 25
160 2568 201 2602 -'
215 2552 411 2626 Ἐπιλαύούσης
428 2552 459 2613 τό
475 2552 564 2634 ἔργον]
581 2555 738 2627 κωλυσάσης
755 2557 800 2615 τὸν
815 2558 941 2637 πόλεμον.
1027 2553 1071 2613 Cl.
1092 2574 1115 2613 ο.
1129 2549 1233 2635 Αὐτοῦ]
1246 2558 1291 2612 τοῦ
1304 2553 1445 2614 Σιτάλκου.
1783 2581 1805 2621 ι

161 2679 202 2691 .-
214 2665 237 2704 ο.
250 2641 380 2713 Φυλακῆν
394 2639 629 2720 ίγκαταλιπόντες]
645 2643 672 2700 ἀν
685 2644 723 2724 τῷ
736 2642 836 2725 Δηλίῳ.

200 2730 314 2794 xcvss.
348 2728 521 2807 Ἀνελόμενοι]
554 2728 696 2798 ἀνελόντες.
724 2765 766 2777 -
795 2729 942 2812 Φυλακήν]
987 2725 1112 2799 πολιιΙὴ
1136 2725 1299 2807 Ἀμφίπολις.
1317 2762 1358 2772 -
1379 2726 1582 2809 Ἀρισταγόρας]
1604 2720 1709 2799 οὗτινος
1730 2731 1773 2791 καὶ

161 2817 281 2893 δηλονότι
304 2820 356 2877 τῶν
380 2815 513 2894 πολεμίων
535 2817 649 2897 νεκρῶν,
673 2816 717 2878 ίνα
740 2818 778 2898 μὴ
802 2820 945 2889 ἀσπόνδους
988 2813 1126 2895 Ἡρόδοτος
1143 2812 1273 2892 ulmum
1291 2813 1426 2883 πολλάκις.
1444 2851 1484 2861 -
1498 2814 1646 2897 Ἧδιίινων]
1661 2818 1716 2879 ἀπὸ
1729 2824 1775 2892 τῆς

161 2904 254 2975 αθταλς
266 2905 409 2967 ἀνέλωνται
420 2907 444 2965 οἱ
458 2905 859 2988 Ἀθηναῖοι.-Ἐπεύούλιυον]
872 2911 945 2969 ἐσκί-
986 2900 1105 2970 Ἥδωνςς
1132 2901 1326 2982 πλ[ἇσσῑταῑ],
1354 2902 1400 2962 καί
1423 2903 1471 2963 οὒκ
1498 2903 1552 2962 ἅπθ
1581 2909 1631 2977 τῆς
1654 2905 1774 2968 Ἥδιυνοί

121 3021 150 3064 ³0
161 3017 266 3056 πτοντο.
279 3030 321 3041 -
338 3014 359 3054 ν.
380 2991 444 3054 Ἐπί
464 2991 523 3059 τοὺς
539 2991 661 3075 νεκρούς]
685 2994 728 3054 ίπλ
752 2998 786 3076 τῇ
812 2995 944 3079 ἀναιρέσει
987 2987 1043 3048 ὅθεν
1070 2987 1218 3049 θποκατῑῶν
1243 2987 1367 3058 Ἠδωνας
1390 2988 1454 3071 ἔφη,
1476 2989 1521 3050 καί
1546 2991 1608 3072 οὐχ]
1631 2991 1772 3063 Ἧδωνοίς
1783 3015 1805 3056 ιι

160 3085 212 3142 τῶν
223 3079 458 3164 νεκριῗιν.-Πρίν
468 3078 500 3138 ἀν
512 3080 589 3148 αιἰτδς
599 3080 858 3165 ἀναχωρήσῃ]πρὶν,
870 3084 943 3166 φησί,
986 3112 1027 3122 -
1040 3095 1062 3136 ι.
1089 3076 1141 3137 Διά
1163 3075 1193 3135 τὸ
1217 3075 1347 3157 περιέχειν
1373 3076 1471 3156 αθτῆν]
1493 3077 1538 3137 τδν
1560 3080 1719 3161 Στρυμόνα.
1738 3118 1774 3129 -

162 3170 291 3250 ίπανελθῃ
317 3167 369 3228 ἀπὸ
392 3172 445 3226 τῶν
464 3167 605 3239 Ἀθηναίων
624 3168 710 3236 αὐτός.
732 3204 773 3218 --
795 3168 942 3250 Δροίσειαν]
988 3163 1158 3243 Ἄπολαὸών]
1180 3164 1324 3245 ἀποκόψας
1351 3200 1392 3210 -
1415 3168 1582 3247 Περιγανῆη.
1608 3167 1725 3250 ᾤκισεν]
1749 3172 1773 3229 ἐν

162 3259 285 3341 ἔδρασαν,
299 3293 340 3304 -
356 3255 591 3339 Παραύαίνοντες]
608 3259 765 3326 ἀθετοῦντες.
782 3293 823 3304 -
837 3259 881 3319 Τὰ
898 3258 944 3319 νό-
986 3251 1095 3334 τοιούτῳ
1108 3250 1199 3333 χωρίῳ
1217 3251 1375 3333 κατῴκισεν,
1388 3251 1402 3312 θ
1419 3253 1566 3334 καταρανίς
1578 3252 1609 3313 ἔκ
1622 3279 1655 3314 τε
1670 3260 1721 3335 γῆς
1733 3255 1774 3316 καί

162 3348 248 3426 μιμα]
263 3348 342 3427 ἤγουν
354 3343 413 3412 τοὺς
424 3343 527 3422 νόμους.
543 3380 583 3390 -
596 3365 618 3405 ο.
635 3345 818 3426 Καθεστηκός]
829 3345 943 3424 ἔννομον.
988 3338 1122 3411 θαλάσσης
1134 3338 1199 3398 ἔστί·

122 3469 148 3511 ³⁵
162 3469 203 3482 -
219 3435 317 3502 Ἰύντας
331 3433 374 3493 ἐπί
387 3432 435 3504 τὴν
450 3432 589 3512 ἀλλήλων]
601 3433 682 3511 ἤγουν
700 3434 880 3502 εῖςύάλλοντας
892 3459 944 3494 πο-
1028 3429 1101 3488 Clll·
1122 3446 1144 3486 ⁴·
1157 3423 1255 3506 Ἐγγῦς
1274 3449 1303 3485 τε
1322 3426 1532 3508 πρνςῠῑκῠῧντῑς]
1552 3431 1588 3508 τῇ
1606 3427 1773 3512 Ἀμφῑπόίὶῑι
1784 3457 1805 3498 ιι

162 3525 277 3599 λεμικῶς
296 3517 365 3580 κατὰ
388 3523 434 3589 τ’ἤς
456 3519 578 3590 ἀλλήλων
596 3525 652 3598 γῆς.
668 3556 709 3566 -
723 3521 834 3601 Αύτόθι]
858 3525 884 3580 ἐν
906 3527 944 3605 τῷ
987 3550 1028 3561 -
1039 3513 1190 3597 Παρίτυχε]
1203 3512 1308 3585 συνίύη.
1321 3550 1360 3559 -
1372 3514 1422 3574 Ἐκ
1432 3513 1560 3594 πλείονος]
1577 3523 1674 3597 καιροῦ
1690 3520 1774 3590 δηλον·

162 3613 233 3692 ἱερῷ.
248 3643 290 3654 -
312 3605 419 3677 Πλὴν...
441 3609 572 3688 χρῆσθαι]
599 3607 660 3666 ἄνευ
684 3614 730 3668 τοῦ
756 3615 880 3690 χρῆσθαι.
904 3646 944 3656 -
987 3602 1037 3663 ότι.
1057 3638 1097 3647 -
1117 3603 1188 3682 Πρὸς
1212 3601 1269 3669 τοὺς
1290 3599 1522 3681 ἕμποδῑτῑῦοντας]
1545 3603 1712 3683 μετέχοντας
1729 3610 1773 3676 τῆς

162 3697 272 3770 Πλὴν...
295 3693 398 3775 χίρνιδι
422 3695 553 3776 χρῆσθαι]
580 3694 659 3773 ἤγουν
678 3687 709 3755 ού
726 3699 773 3755 οθκ
797 3687 944 3774 ἤνθεμιτδν
988 3689 1121 3756 πῠλῑτῑίας
1134 3693 1185 3748 τῶν
1199 3688 1399 3766 Ἆμφῑπῡλῑτῶν·
1414 3687 1668 3770 -Λςίᾶμενοῑ]οί
1684 3692 1770 3773 Ἀργί·

162 3789 264 3869 ψαῦσαι
278 3781 384 3855 αὐτούς,
406 3783 486 3861 ἤγουν
500 3781 559 3848 τοὺς
577 3782 725 3856 Θηόαίονς,
745 3787 768 3842 εἰ
785 3782 822 3862 μὴ
838 3783 881 3843 ότι
897 3784 945 3853 τδις
988 3780 1048 3837 λιοι.
1067 3814 1108 3823 -
1123 3782 1165 3858 Τῇ
1189 3778 1278 3850 πόλει]
1302 3802 1334 3858 τῃ
1355 3777 1447 3858 οἰκείᾳ.
1470 3813 1511 3824 -
1527 3799 1549 3840 ε.
1571 3778 1614 3840 Τδ
1634 3780 1772 3859 natm]

122 3874 252 3956 ωχεῖρας
279 3869 426 3951 καθαίροιεν
452 3870 484 3928 δι’
508 3872 604 3946 αὐτοῦ,
628 3870 747 3942 δηλονότι
769 3877 815 3930 τοῦ
843 3871 943 3946 θδοιτος,
987 3866 1186 3948 ἡἌμφίπολῑς·
1203 3900 1245 3911 -
1265 3868 1323 3937 Τῆς
1343 3865 1504 3944 δῑαῧᾶσῑως]
1521 3870 1568 3938 ῖῆς
1590 3866 1718 3949 γῑφῦρᾱς·
1734 3881 1803 3921 -0

120 3983 122 3987 ·
164 3961 302 4042 μέλλοντες
315 3962 367 4017 τῶν
381 3956 504 4035 θυμάτων
522 3956 646 4040 ἅψεσθαι.
658 3993 698 4003 -
713 3958 942 4034 Ἀνασπάσαντας]
989 3951 1162 4033 Προςπῑσών]
1174 3951 1253 4030 ἤγουν
1267 3951 1407 4011 ἕπῑπέῦών·

163 4045 383 4129 ἀνιμησαμίνους,
399 4047 479 4124 ἤγουν
494 4044 519 4114 ἐξ
542 4047 621 4104 αὐτοῦ
639 4050 684 4105 τοῦ
699 4045 792 4113 θδατος
806 4047 943 4125 ἀνιμωμί-
1028 4044 1101 4103 CIV·
1122 4038 1523 4122 Διαδάσεως1διαπιραιῶσιως.
1538 4075 1578 4087 -
1591 4060 1613 4100 2.
1627 4044 1680 4123 Τῷ
1693 4064 1770 4125 πρα-

162 4160 220 4204 νους
233 4134 297 4216 πρδς
309 4133 357 4201 τάς
368 4131 455 4200 κοινάς
468 4132 558 4214 χρείας
572 4137 777 4214 χρῆσθαι-ι.
791 4132 861 4201 Τοὺς
872 4138 944 4212 δμω-
987 4129 1042 4210 τῷ]
1064 4127 1109 4188 σὺν
1124 4130 1162 4208 τῷ
1183 4129 1297 4207 στρατῷ.
1312 4161 1353 4171 -
1367 4147 1389 4187 ³·
1406 4127 1470 4189 Ἐπί
1489 4125 1523 4186 τό
1544 4126 1594 4197 ίξω
1612 4127 1769 4211 ἀπίδραμιν]

162 4224 260 4306 χίτας]
278 4221 412 4302 δμωχίται
429 4224 453 4281 οί
471 4220 679 4301 συμμιτίχοντες
694 4224 747 4280 τῶν
768 4224 854 4280 αὐτῶν
874 4227 944 4281 ναῶν
988 4217 1067 4295 ἤγουν
1082 4213 1205 4287 ἐληίσατο
1218 4213 1252 4273 τὰ
1265 4213 1345 4281 ἕκτός·
1357 4249 1398 4259 -
1409 4234 1430 4273 ⁴·
1438 4213 1495 4282 Τθς
1507 4214 1608 4295 πύλας]
1620 4214 1771 4297 τῆςἈμρι·

120 4308 149 4384 ἠς
162 4311 209 4377 καὶ
222 4308 274 4369 τῶν
289 4313 374 4391 ἱερῶν.
386 4306 547 4390 ψΑθωύς]
563 4309 622 4378 τοὺς
633 4309 772 4377 Βοιωτούς.
788 4344 829 4355 -
841 4309 945 4370 Ἀπιόι-
988 4302 1096 4370 πολιως.
1110 4336 1150 4348 —-
1169 4302 1282 4380 Αὐτοῖι]
1297 4309 1351 4368 τοῖς
1365 4301 1570 4382 Ἀμφιπολίταις-
1590 4301 1770 4364 -Κιλιύω
1781 4317 1803 4357 ⁴⁸

163 4398 225 4477 τας]
237 4396 296 4465 τοὺς
318 4396 474 4468 Ἀθηναίους.
988 4391 1041 4470 τις]
1054 4389 1097 4448 τόν
1110 4387 1284 4458 Θουκυδίδην.

202 4486 332 4549 xcvnl.
352 4484 423 4546 Οὔτε
437 4486 562 4557 ἀδικῆσαι
577 4483 678 4568 ίρασαν
696 4484 788 4565 οὗδίν]
803 4484 884 4564 ἤγουν
897 4488 944 4546 οθ-
1028 4480 1085 4540 CV·
1112 4475 1311 4558 Ἀρικνουμίνον
1334 4476 1430 4555 αὐτοῦ]
1458 4480 1503 4535 τοῦ
1530 4477 1707 4540 Θουκυδίδαι.
1732 4510 1773 4527 -

163 4572 205 4635 δίν
217 4572 465 4656 παραλυμήνασθαι.
475 4607 515 4618 -
526 4571 591 4633 Ἐπί
602 4571 702 4654 τούτῳ]
716 4573 759 4633 ἐπί
770 4577 808 4655 τῷ
821 4576 945 4648 ἀδικῆσαι
990 4561 1090 4647 Αὐτόν]
1101 4562 1144 4623 τδν
1156 4561 1330 4632 Θουκυδίδην.
1344 4596 1384 4607 -
1396 4563 1595 4643 Περιποιῆσιιν]
1613 4563 1720 4624 σύσιιν.
1733 4599 1773 4613 -

162 4661 193 4722 τό
205 4661 284 4744 ἱερόν.
301 4695 343 4706 -
355 4661 423 4728 Τοὺς
441 4661 609 4741 ἀδικοῦντας]
623 4661 702 4740 ἤγουν
722 4659 780 4728 τοθς
799 4660 944 4733 Θηάαίους.
989 4674 1011 4712 ²·
1024 4649 1159 4730 Ἀνῑῑπῶν]
1175 4647 1346 4730 ἅνακηρῦξας·
1356 4683 1397 4694 -··
1408 4650 1471 4710 Ἐπί
1481 4651 1535 4716 τοῖς
1546 4651 1657 4731 ἑαυτοῦ]
1671 4651 1772 4732 adpo·

123 4770 151 4813 ω
164 4785 205 4796 -
216 4749 307 4831 Σρᾶς]
325 4748 383 4817 τοὺς
402 4749 561 4821 Ἀθηναίους.
576 4784 617 4794 -
636 4767 657 4808 σ.
682 4747 943 4830 Ἐξανασπῆσαντις]
990 4763 1016 4800 σι
1030 4739 1158 4812 δηλονότι.
1171 4737 1273 4798 -Καί
1285 4733 1395 4820 ὁμοίας]
1407 4737 1549 4806 πολιτείας.
1780 4775 1803 4816 ω

164 4839 356 4911 ἀπελάσαντες,
371 4836 624 4916 μεταναστήσαντις.
638 4859 713 4896 -ο.
727 4836 823 4917 Ἐνιῇ
844 4838 944 4918 ἀνάγκη
1030 4837 1102 4898 cvl.
1137 4833 1307 4914 Ἀλλοιότεροι
1335 4832 1451 4911 ἐγένοντο
1475 4831 1521 4901 τάς
1541 4830 1667 4912 γνώμας]
1693 4832 1770 4912 ἤγανν
1800 4838 1804 4867 ³

165 4925 216 4986 θπό
229 4930 276 4998 τῆς
287 4925 403 5004 ἀνάγκης
416 4930 462 4984 τοῦ
476 4931 578 5006 καιροῦ.
592 4960 633 4969 -
646 4924 795 5004 Ἐκείνους]
810 4924 869 4992 τοίις
883 4926 945 4997 Θη-
990 4923 1188 5003 μιτεύλήθησαν
1211 4921 1259 4994 τῆν
1273 4919 1432 5002 προαίρεσιν.
1446 4921 1527 4982 -Τδ
1551 4919 1579 4980 δί
1599 4922 1691 4980 πλεῖον
1709 4920 1772 4999 ξύμ-

167 5013 267 5082 ύαίους.
280 5048 321 5059 -
335 5013 400 5074 Ἐπί
417 5011 466 5084 τὴν
489 5012 636 5095 σφετέραν]
648 5012 696 5085 τῆν
718 5017 770 5072 τῶν
794 5011 944 5085 Ἀθηναίων.
990 5014 1093 5092 μικτον]
1112 5014 1136 5070 οί
1158 5009 1262 5077 πλείους
1278 5009 1411 5089 οἰκήτορες
1434 5008 1577 5088 σύμμικτοι
1590 4998 1674 5082 ἤσαν,
1692 5009 1770 5087 ἤγουν

167 5136 206 5149 -
221 5101 380 5181 Βιάζεσθαι]
393 5100 450 5160 ἀντί
461 5105 507 5160 τοῦ
524 5103 672 5180 βιασθῆναι.
686 5136 727 5153 -η
739 5122 762 5163 σ.
782 5101 944 5181 Ξύγγνωμύν
990 5102 1019 5160 lx
1033 5099 1161 5181 διαρύρων
1173 5101 1263 5178 γενῶν.
1284 5132 1324 5143 -
1340 5117 1361 5157 α.
1375 5095 1571 5178 Πρασσόντων]
1583 5095 1664 5175 ἤγουν
1685 5118 1770 5177 σονερ·
