3676 5828
518 322 712 385 HISTORIAE
733 324 805 385 ΠΒ.
828 325 888 402 lli,
914 335 947 386 ro
964 359 1005 369 -
1019 335 1065 386 ar.
1544 339 1599 392 roe

90 463 199 534 ὀηθείας
215 461 283 528 τινδς
295 465 433 538 γινομένης
448 457 592 538 πληγέντες
606 456 657 518 ὑπό
674 482 703 517 τε
716 461 768 516 τῶν
813 471 880 524 runt.
890 472 915 519 et
921 482 995 532 quum
1003 481 1033 518 ex
1042 468 1100 519 urbo
1107 469 1201 532 eruptio
1210 469 1272 521 lucta
1281 474 1346 522 esset
1355 471 1446 532 dudem
1455 475 1600 536 occeperunt

90 549 155 610 κίων
175 549 223 608 καί
242 553 295 608 τῶν
315 546 458 626 έπικοόρων
480 544 608 605 ᾶπέθανόν
630 568 658 604 τε
676 544 770 605 πολλοὶ
813 556 844 606 ab
856 557 980 607 Antisseeis
989 560 1014 608 et
1022 557 1152 607 auxiliariis
1164 558 1308 621 quibusdem
1319 560 1449 621 militibus,
1461 558 1601 623 multosque

90 636 219 719 χώρησαν
230 634 347 697 οἱλοιπολ
356 633 425 694 κατὰ
434 631 524 715 τάχος.
566 633 770 713 mollibit]—
814 645 960 706 amiserunt,
981 646 1102 708 ceterique
1119 646 1227 696 celeriter
1245 645 1344 696 domum
1363 653 1521 701 reverterunt.
1562 649 1597 711 (θ)

90 725 263 804 υνθανόμενοι
280 729 379 796 ταῦτα,
397 723 456 790 τούς
473 746 502 782 τε
517 721 711 794 Μυτιληναίους
723 727 770 793 τῆς
815 733 970 784 Athenienses
983 746 1054 793 vero,
1064 747 1142 796 quum
1156 734 1209 784 haec
1220 734 1340 795 audirent,
1350 736 1527 798 etMytilenneos
1539 740 1602 786 terra

90 821 212 881 ιτοῶντας
229 814 275 873 καί
295 812 355 880 τοὺς
379 811 516 893 σφετέρους
536 810 699 891 στρατιώτας
721 814 771 890 οὐχ
814 822 898 885 potiri,
908 827 932 872 et
942 823 1152 872 snosmilitesnon
1162 823 1354 872 satisviriumud
1364 823 1416 873 illos
1425 821 1601 887 prohibendum

106 903 184 969 ὄντας
205 900 309 982 εἵργειν,
326 899 460 977 πέμπουσι
483 899 544 980 περὶ
559 899 589 958 τδ
608 897 769 980 φθινόπωρον
814 909 915 971 babere,
933 911 982 972 jam
993 910 1086 960 circiter
1106 910 1215 960 autumni
1233 911 1328 960 initium
1353 912 1452 960 mittunt
1472 912 1601 962 Paelretem

90 989 199 1068 χόμενον
210 989 326 1068 Πάχητα
340 987 384 1046 τδν
397 985 712 1068 Ἐπικοόρουστρατηγδν
725 986 770 1045 καί
814 999 911 1062 Epicuri
921 999 996 1048 tilium
1013 998 1113 1058 ducem,
1128 1012 1184 1048 cum
1202 999 1266 1048 mille
1277 1013 1306 1048 ex
1319 999 1413 1063 seipsis
1424 1000 1548 1051 militibus.
1565 1001 1600 1063 (t)

101 1077 210 1144 ὁπλίτας
231 1080 339 1135 έαυτῶν.
382 1076 415 1153 (ι)
436 1079 471 1135 Οἱ
486 1073 514 1134 δὲ
532 1073 670 1155 αὖτερέται
687 1071 770 1133 πλεό-
815 1087 844 1136 lli
859 1101 917 1136 vero
933 1087 1049 1149 remigum
1063 1087 1169 1136 olliciuor
1186 1086 1209 1136 in
1228 1087 1331 1137 navibus
1348 1087 1395 1149 ipsi
1412 1091 1555 1150 praestantes
1571 1088 1603 1137 ud

91 1169 142 1223 τῶν
155 1169 221 1224 νεῶν
233 1166 402 1245 ἀφικνοῦνται
414 1162 460 1221 καί
469 1163 671 1243 περιτειχίζουσι
685 1166 771 1223 Μυτι-
814 1175 944 1237 Mytilenen
953 1175 1108 1239 perveniunt,
1119 1189 1220 1238 eumque
1230 1175 1331 1238 simplici
1343 1189 1412 1226 muro
1421 1176 1533 1238 cingunt3
1545 1189 1602 1225 non·
1631 1240 1632 1244 Ἰ

90 1255 114 1311 ἐν
131 1251 222 1333 κύκλῳ
236 1253 314 1332 ἁπλῷ
331 1249 427 1330 τείχει·
442 1248 552 1331 φρούρια
572 1252 594 1308 δ’
612 1242 710 1328 ἔστινῇ
727 1250 770 1308 ἐπὶ
815 1262 887 1312 nullis
903 1263 976 1312 etiarn
994 1263 1018 1312 in
1035 1263 1095 1312 locis
1111 1267 1197 1312 natura
1214 1263 1314 1312 munitis
1331 1263 1429 1313 castella
1444 1262 1601 1314 redificarunt.

90 1346 183 1422 ρτερῶν
199 1338 457 1421 έγκατῳκοδόμηται,
501 1340 531 1415 (τ)
548 1337 632 1407 itale
649 1336 696 1416 μέν
709 1341 770 1397 lliu-
815 1350 848 1413 (5)
863 1355 894 1400 Et
911 1351 1024 1413 Mytilene
1041 1350 1139 1412 quidem
1157 1351 1304 1414 utrinqueet
1319 1356 1382 1403 terra
1400 1354 1425 1401 el
1440 1352 1501 1402 meri
1516 1351 1603 1401 acriter

100 1427 169 1487 κατὰ
183 1427 279 1507 κράτος
296 1428 346 1498 ἤδη
361 1425 544 1507 ἀμφοτέρωθεν
556 1426 601 1484 καί
616 1428 646 1484 ἐκ
663 1431 711 1504 γῆς
726 1425 771 1484 καὶ
814 1438 977 1502 obsidebatur,
986 1438 1097 1489 ethiems
1107 1439 1247 1502 appetebat;

90 1517 164 1588 ίσοης
177 1516 292 1599 είργετο,
306 1515 352 1573 καὶ
365 1519 379 1573 θ
392 1513 492 1594 χειμὼν
504 1514 602 1595 ἤρχετο
615 1513 757 1594 γίγνεσθαι·

90 1605 103 1665 ζ.
124 1603 312 1686 προσδεόμενοι
337 1601 365 1661 δέ
386 1606 410 1661 oi
429 1603 560 1673 Ἀθηναῖοι
581 1601 727 1685 χρημάτων
746 1603 771 1669 ές
845 1614 909 1662 xlx.
926 1617 1032 1663 cetemm
1043 1613 1201 1663 Athenienses
1210 1626 1285 1676 quum
1297 1612 1404 1676 pecuniis
1415 1611 1444 1662 ad
1453 1611 1602 1664 obsidionem

90 1693 218 1775 λιορκίαν,
237 1691 283 1750 καί
302 1689 376 1749 αὐτοὶ
395 1690 572 1769 ἐπενεγκόντες
590 1688 649 1749 τότε
667 1693 770 1772 πρῶτον
815 1699 947 1763 indigerent
958 1704 983 1749 et
999 1700 1045 1764 ipsi
1060 1701 1175 1763 pecunius
1190 1705 1249 1751 tunc
1263 1701 1369 1764 primum
1383 1701 1541 1751 contulissent
1552 1703 1602 1753 cc.

90 1806 100 1839 ι
119 1779 241 1839 διακόσια
261 1778 391 1851 τάλαντα,
414 1777 564 1860 ἐξέπεμψαν
582 1777 628 1836 καὶ
651 1777 694 1836 ἐπὶ
712 1775 772 1845 τοὺς
816 1787 910 1848 talenta,
920 1787 1485 1840 dimiseruntetiamadsociosduodecinruures
1493 1789 1602 1853 pecuniae

90 1891 141 1948 γους
159 1865 351 1948 ἀργυρολόγους
367 1871 430 1933 ναῦς
447 1864 549 1925 δώδεκα
570 1865 616 1925 καί
635 1865 770 1926 Λυσικλέα
815 1874 952 1938 colligurdae
959 1876 1047 1938 gratio,
1060 1881 1083 1925 et
1095 1877 1213 1938 Lysiclem
1223 1876 1309 1926 ducem
1319 1890 1374 1926 cunr
1384 1881 1486 1939 quatuor
1495 1877 1602 1941 collegis.

90 1980 107 2014 rr
118 1955 197 2014 αὐτὸν
209 1952 342 2035 στρατηγό
359 2002 366 2014 .
409 1955 443 2032 (2)
458 1953 491 2014 ‘0
502 1954 529 2012 δέ
541 1953 609 2013 ἄλλα
621 1977 650 2012 τε
659 1957 771 2035 ἠργυρο-
815 1963 849 2026 (2)
860 1962 902 2012 ille
910 1975 982 2023 vero,
992 1977 1068 2027 quum
1077 1963 1167 2014 exaliis
1177 1964 1235 2014 locis
1244 1965 1358 2027 pecunias
1368 1965 1509 2026 exigebntet
1518 1964 1603 2014 circui-

91 2043 117 2101 αὶ
130 2042 280 2125 περιέπλει,
294 2042 340 2100 καί
353 2045 399 2113 τῆς
409 2040 511 2122 Καρίας
524 2043 553 2100 έκ
563 2045 697 2109 Μυοῦντος
707 2043 771 2098 ἀνα·
815 2051 870 2113 bot,
883 2051 1014 2101 tumeliam
1027 2052 1131 2102 incuria
1142 2066 1172 2102 ex
1185 2055 1285 2116 blyunte
1295 2052 1353 2102 urbe
1361 2066 1403 2115 per
1414 2052 1528 2102 linendri
1539 2065 1602 2102 cem·

90 2138 147 2191 ιτοῖι
167 2130 322 2211 Μαιάνδρου
336 2129 425 2188 πεδίου
439 2130 519 2210 μέχρι
533 2135 578 2189 τοῦ
596 2128 708 2191 Σανδίου
722 2127 769 2187 λό-
815 2152 872 2202 pum
884 2152 961 2201 usque
973 2139 1003 2188 ad
1013 2139 1127 2190 sandium
1135 2141 1221 2189 collem
1232 2140 1351 2204 ascendit,
1362 2145 1386 2192 et
1395 2139 1602 2204 quumacaribus

90 2217 229 2296 τιθεμένων
247 2222 300 2276 τῶν
321 2219 417 2297 Καρῶν
433 2217 479 2274 καὶ
495 2217 631 2276 ’Λναιιτῶν
651 2215 729 2284 αὐτός
741 2239 770 2274 τε
815 2231 839 2275 et
850 2226 950 2275 Anaeitis
964 2225 1070 2288 impetus
1086 2227 1110 2276 in
1123 2227 1203 2290 ipsum
1214 2227 1292 2277 lactus
1303 2232 1382 2291 esset,
1393 2227 1464 2292 periit
1478 2227 1566 2291 etipse
1576 2230 1603 2278 et

90 2307 162 2386 ἶριται
176 2305 222 2364 καί
234 2309 284 2376 τῆς
299 2304 382 2375 όλλης
393 2313 516 2386 στρατιᾶς
529 2303 632 2364 πολλοί.
815 2326 916 2376 magnus
927 2313 1011 2376 reliqui
1023 2315 1142 2364 exercitus
1153 2328 1277 2365 numerus.

90 2488 187 2541 ικῶντο
201 2480 253 2539 ὑπὸ
269 2484 322 2539 τῶν
338 2477 556 2550 Πελοποννησίων
570 2478 616 2536 καὶ
631 2475 770 2557 Βοιωτῶν)
815 2489 858 2538 siis
864 2494 889 2539 et
895 2489 986 2540 Bmotis
992 2489 1172 2552 obsidebantur)
1181 2504 1256 2554 quum
1266 2491 1433 2555 etpenuriorei
1440 2491 1603 2542 lrurnentarirc

95 2573 132 2649 τῷ
144 2592 174 2628 τε
188 2567 254 2649 σίτῳ
272 2566 419 2627 ἐπιλιπόντι
438 2565 569 2636 ἐπιέζοντο
589 2565 635 2626 καί
650 2564 701 2625 ἀπὸ
719 2568 771 2623 τῶν
815 2577 918 2640 μασθαι
929 2577 1077 2640 laborarent,
1089 2591 1134 2628 nec
1150 2578 1224 2628 uliam
1239 2579 1341 2628 subsidii
1353 2579 1452 2630 ntlrerris
1463 2578 1495 2629 ad
1506 2592 1532 2629 se
1543 2593 1603 2630 ven·

90 2657 225 2734 νοῦδεμία
238 2656 311 2723 ἐλπὶς
324 2647 355 2728 ἦν
364 2652 491 2736 τιμωρίας
504 2652 563 2713 οὐδὲ
574 2653 641 2726 ἄλλη
654 2651 771 2732 σωτηρία
816 2665 864 2714 turi
879 2678 946 2728 spem
963 2665 1092 2726 baberent,
1108 2678 1153 2715 nec
1168 2665 1217 2714 ulls
1232 2664 1279 2714 alio
1294 2664 1380 2715 saluus
1394 2665 1454 2715 ratio
1465 2668 1602 2728 appareret,

90 2768 122 2817 n,
138 2742 352 2804 έπιόουλεόουσιν
370 2741 444 2803 αὐτοί
464 2766 493 2802 τε
514 2741 560 2801 καί
582 2740 724 2815 Ἀθηναίων
747 2742 771 2799 οἱ
816 2755 925 2802 statuunt
932 2766 1007 2816 quum
1019 2753 1140 2816 ipsi,tum
1148 2751 1370 2815 Athenienses,qui
1379 2766 1435 2802 cum
1443 2751 1602 2816 ipsisobslde·

90 2832 255 2914 rnpzeripevor
275 2836 377 2914 πρῶτον
401 2829 448 2908 μὲν
473 2831 568 2899 πάντες
590 2830 700 2899 ἐξελθεῖν
724 2828 771 2888 καί
815 2839 1488 2903 bantur,prirnoquidemomuesexire,ettrenscendere
1497 2840 1603 2890 bostium

90 2928 135 2992 (ναι
150 2923 185 2980 τά
197 2920 273 2999 τείχη
288 2924 341 2979 τῶν
358 2918 502 2996 πολεμίων,
516 2919 549 2991 ἢν
568 2918 695 2977 δύνωνται
709 2919 771 2998 βιά-
816 2930 927 2978 murossi
937 2930 1035 2992 pervim
1044 2930 1089 2979 troc
1098 2930 1175 2979 lucere
1182 2933 1292 2992 possent,
1301 2929 1439 2979 unctoribus
1450 2927 1522 2990 lrans
1532 2942 1602 2979 oona·

94 3053 102 3079 ‚
113 3008 312 3086 διηγησαμένου
323 3005 373 3078 τὴν
383 3008 476 3088 πεῖραν
491 3006 578 3073 αὐτοῖς
588 3005 731 3069 Θεαινίτου
743 3031 772 3066 τι
816 3020 857 3066 tns
867 3018 996 3067 Tbeeeneto
1007 3016 1125 3068 Tolmidae
1132 3016 1194 3079 tilio,
1205 3017 1247 3079 qui
1261 3022 1328 3067 vetes
1339 3021 1403 3077 erat,
1414 3021 1439 3067 et
1450 3017 1603 3080 Eupompida

90 3097 190 3174 ολμίδου
211 3095 303 3177 ἀνδρὸς
327 3094 444 3174 μάντεως
463 3094 508 3154 καί
531 3095 704 3173 Εὐπομπίδυυ
725 3103 772 3155 τοῦ
816 3104 1013 3162 Daimachilriio,
1030 3105 1108 3167 quiet
1123 3103 1172 3153 dux
1190 3108 1255 3166 erat3
1287 3104 1320 3166 (κ)
1336 3103 1422 3154 deinde
1437 3103 1604 3154 rerodimidis

90 3207 145 3263 χω,
159 3184 186 3251 θς
199 3183 422 3265 καλέστρατήγιι·
465 3185 496 3260 (α)
509 3182 599 3242 ἔπειτα
613 3186 637 3242 ol
652 3181 699 3261 μέν
713 3183 774 3262 ἠμί·
816 3205 900 3241 eorum
915 3205 984 3255 pars,
1001 3191 1067 3255 quod
1081 3192 1214 3254 periculum
1232 3192 1317 3254 ingens
1330 3205 1384 3243 esse
1400 3191 1512 3252 duceret,
1531 3196 1600 3242 metu

90 3270 219 3342 εάικνησείν
232 3294 290 3337 πως
306 3271 350 3329 τὸν
368 3270 485 3328 κίνδυνον
500 3271 584 3347 μέγαν
597 3270 773 3348 ἡγησάμενοι,
817 3279 922 3343 quodum
934 3281 1015 3330 territa
1026 3279 1118 3330 destitit
1130 3280 1238 3343 incepto,
1250 3279 1347 3329 ducenti
1356 3291 1413 3329 vero
1427 3285 1452 3329 et
1462 3279 1546 3342 viginti
1557 3279 1602 3329 cir·

90 3358 167 3441 ίνδρας
179 3358 325 3426 διακοσίους
343 3357 389 3416 καὶ
408 3357 491 3416 είκοσι
506 3358 623 3436 μάλιστα
640 3357 774 3436 ἐνέμειναν
817 3369 878 3418 citer
889 3368 914 3417 ln
925 3369 1009 3419 endem
1021 3369 1154 3432 emptionis
1165 3368 1280 3418 faciendae
1295 3369 1412 3419 sententia
1422 3368 1484 3418 ultro
1495 3381 1602 3432 perman·

90 3444 466 3527 ληνίθελοπαίτρόπῳτοιξῶε.
489 3445 774 3525 (3)Κλίμακαςέποιτ’,-
818 3461 912 3515 serunt,
929 3459 952 3506 in
969 3457 1033 3506 lrunc
1048 3456 1155 3506 modum.
1192 3457 1226 3517 (3)
1244 3457 1325 3506 Scelus
1341 3456 1463 3506 hostilium
1479 3469 1603 3506 murorum

90 3533 142 3602 ίαας
152 3538 191 3615 τῷ
202 3533 284 3614 τείχει
293 3537 345 3592 τῶν
355 3532 498 3610 πολεμίων·
512 3531 735 3616 ξυνεμετρτίσαντο
746 3531 773 3593 δέ
816 3543 1142 3608 altitudinepnresiecerunt.
1175 3546 1242 3595 lianc
1258 3549 1339 3594 autem
1348 3545 1439 3594 emensi
1450 3549 1507 3594 sunt
1518 3558 1603 3594 secun

90 3621 203 3688 τιόολαῖς
222 3625 275 3680 τῶν
294 3620 416 3695 πλίνθων,
435 3613 454 3701 ᾗ
467 3619 543 3699 έτυχε
560 3620 625 3701 πρὸς
643 3631 709 3703 σφᾶς
727 3622 774 3680 οὐκ
817 3632 876 3681 duru
890 3632 992 3681 laterum
1006 3636 1226 3694 coagmentetornm
1246 3632 1357 3693 ordines,
1373 3645 1421 3695 qus
1435 3638 1503 3695 parte
1518 3645 1604 3682 murus

90 3707 199 3786 ιμμένον
211 3709 242 3767 τὸ
253 3713 339 3788 τεῖχος
349 3711 444 3768 αὐτῶν.
487 3708 774 3789 ’Πριθμοῦντοδέπολ-
817 3718 1357 3783 ipsorumadeosspectnnstectoriocarebet.
1390 3719 1602 3770 Numerebentun·

91 3819 106 3852 α
118 3793 164 3862 τίις
177 3793 315 3868 έπιόολάς,
327 3794 372 3854 καὶ
384 3792 493 3874 ἔμελλον
507 3799 531 3855 οί
544 3796 590 3874 μέν
606 3820 672 3864 τινες
686 3799 772 3878 ἆμαρ·
817 3811 867 3857 tem
876 3807 946 3856 multi
957 3807 1029 3856 simui
1042 3807 1142 3856 laterum
1152 3812 1369 3869 commentatorum
1381 3811 1468 3869 strata,
1480 3806 1603 3857 ethorum

90 3882 299 3951 αιοίθέπλείους
309 3882 443 3951 τεύξεσθαι
454 3890 499 3943 τοῦ
512 3886 624 3956 ἀληθοῦς
635 3886 774 3964 λογισμοῦ,
818 3895 914 3958 quidem
930 3908 973 3958 par
988 3901 1039 3944 erat
1053 3894 1179 3944 nonnullos
1191 3907 1206 3943 o
1217 3907 1273 3944 vera
1285 3893 1462 3943 ratiocinatione
1478 3894 1602 3956 aberrue,

95 3992 121 4026 τε
134 3970 179 4028 καὶ
197 3970 323 4037 πολλάκις
341 3974 509 4052 ἀριθμοῦντες
526 3971 571 4030 καὶ
588 3972 645 4049 ἅμα
664 3975 693 4030 οὐ
709 3971 774 4032 πολὺ
818 3983 1023 4047 pluresveroenm
1030 3980 1341 4046 assequi,prosertimquin
1349 3982 1604 4044 soepiusnumerabant

90 4081 151 4130 ιτις,
169 4057 238 4117 ἀλλὰ
258 4058 351 4140 ῥαδίως
365 4059 549 4139 καθορωμένου
566 4062 591 4127 ές
609 4059 774 4120 θέόοόλοντο
818 4071 925 4120 etsimul
939 4083 986 4119 non
998 4070 1082 4133 procul
1097 4070 1209 4129 aberant,
1221 4068 1264 4119 sed
1280 4082 1308 4119 ea
1324 4069 1386 4119 muri
1397 4083 1466 4132 pars,
1482 4069 1512 4118 ad
1529 4083 1603 4132 quam

90 4143 164 4223 ίχους.
206 4147 238 4223 (ι)
252 4144 309 4216 Τὴν
328 4144 376 4223 μέν
394 4137 439 4205 οὖν
457 4145 634 4230 ξυμμέτρησιν
648 4151 699 4206 τῶν
715 4151 776 4207 κλι-
820 4158 961 4221 tendebant,
974 4158 1042 4207 lacile
1052 4157 1252 4220 conspiciebatur.
1286 4157 1320 4220 (4)
1337 4157 1457 4206 scalarum
1469 4156 1538 4219 ‘mileu
1548 4169 1604 4206 con·

100 4232 180 4300 οθτως
193 4232 297 4306 έλαόοι,
312 4235 341 4292 ἐκ
352 4240 399 4294 τοῦ
411 4234 513 4314 πάχους
527 4240 574 4306 τῆς
584 4234 691 4295 πλίνθου
706 4236 775 4295 εἰκυί·
819 4246 961 4296 senientiam
977 4245 1022 4295 lroc
1037 4245 1109 4295 modo
1120 4250 1176 4295 sunt
1188 4244 1306 4305 assecuti,
1322 4258 1353 4294 ex
1370 4244 1471 4296 laterum
1487 4244 1603 4294 crassitu-

102 4320 130 4379 τδ
144 4321 251 4402 μέτρον·
820 4332 874 4383 dine
884 4345 1020 4383 mensuram
1032 4332 1200 4395 conjectantes.

95 4409 113 4466 Ι.
133 4409 162 4466 τδ
181 4408 209 4467 δέ
224 4409 311 4487 τεῖχος
327 4400 359 4481 ἦν
377 4413 429 4468 τῶν
446 4409 664 4482 Πελοποννησίων
678 4409 775 4470 τοιόνδε
850 4423 912 4470 xxl.
929 4424 1014 4470 liunus
1026 4423 1106 4470 autem
1118 4420 1342 4483 Peloponnesiorum
1354 4418 1399 4468 buc
1410 4423 1461 4468 erat
1473 4421 1601 4467 structura.

90 4495 217 4571 αδομήσει.
260 4487 325 4576 Εἶχε
343 4494 390 4574 μέν
405 4496 450 4555 δύο
463 4497 522 4565 τοὺς
534 4497 700 4578 περιόολους,
713 4499 777 4579 πρός
820 4508 945 4570 Duplirem
957 4508 1074 4557 ambitum
1086 4507 1201 4570 babebat,
1214 4508 1315 4557 alterum
1326 4507 1424 4569 quidem
1436 4507 1537 4557 Plataea
1549 4518 1603 4555 ver·

90 4587 189 4641 ,αταιῶν
212 4581 259 4641 καὶ
279 4586 357 4651 εἴτις
376 4583 468 4651 ἔξωθεν
492 4584 537 4642 ἀπ’
559 4585 671 4655 Ἀθηνῶν
694 4585 776 4657 ἐπίοι,
820 4595 1040 4654 sus,eitcrumvem
1049 4595 1225 4657 exteriorem,si
1234 4595 1289 4658 quis
1298 4594 1396 4644 sorteab
1404 4595 1502 4645 Athenis
1510 4592 1603 4643 invade·

90 4669 172 4728 relat
189 4669 324 4750 περίόολοι
342 4671 480 4730 ἑκκαίδεκα
494 4670 576 4739 πόδας
595 4672 711 4751 μάλιστα
730 4673 776 4730 ἀπ’
820 4682 901 4743 ret;lri
912 4687 992 4732 autern
1002 4683 1295 4734 ambitusalterabaltero
1303 4682 1425 4733 sexdecim
1433 4682 1505 4731 terme
1514 4680 1602 4744 pedum

90 4779 127 4816 us.
170 4760 203 4834 (ε)
220 4758 261 4816 Τὸ
274 4747 319 4815 odo
331 4758 427 4835 μεταξὺ
438 4765 526 4830 τοῦτο,
541 4763 564 4818 οἱ
579 4759 717 4818 ἑκκαίδεκα
728 4760 777 4819 πό-
820 4770 1078 4821 intervallodistnbaul.
1112 4772 1145 4832 (2)
1154 4774 1266 4821 Hocrero
1274 4769 1394 4821 sexdecim
1402 4769 1489 4832 pedum
1499 4768 1602 4830 spatium

90 4843 237 4924 ιῖςφόλαξιν
247 4843 379 4919 οἰκήματα
391 4845 596 4923 διανενεμημένα
610 4846 777 4928 ᾠκοδόμητο,
820 4858 978 4911 tabernaculis
986 4859 1047 4908 iuter
1056 4858 1167 4908 custodes
1176 4857 1309 4908 distributis
1318 4861 1370 4907 erat
1378 4861 1519 4920 occupatum
1527 4869 1603 4919 eaque

100 4930 192 5010 ξυνεχῆ
205 4931 275 4990 ὥστε
290 4930 317 4989 ἓν
331 4932 465 5013 φαίνεσθαι
475 4935 560 5012 τεῖχος
573 4935 647 5014 παχὺ
658 4935 778 5004 ἐπάλξεις
820 4948 888 4994 erant
902 4945 1027 5005 continua,
1043 4946 1076 4993 ita
1092 4949 1119 4993 ut
1135 4944 1220 4996 unicus
1234 4958 1316 4997 murus
1328 4945 1390 4994 lutus
1403 4957 1457 4995 csse
1471 4942 1602 5006 rideretur,

90 5019 265 5102 μφοτέρωθεν.
308 5021 336 5097 (υ)
352 5020 402 5079 ud
417 5020 479 5079 δέκα
494 5021 522 5079 δὲ
537 5022 669 5090 ἐπάλξεσιν
682 5021 777 5104 πύργοι
822 5032 1138 5095 utrirrquepinnaslrabsns.
1172 5032 1205 5095 (3)
1213 5033 1248 5084 Ad
1259 5031 1603 5097 decimamqnamqnepinnnm

90 5108 190 5187 ιτγάλοι
205 5105 254 5166 καί
271 5108 419 5176 ίσοπλατεῖς
436 5112 474 5189 τῷ
491 5108 589 5189 τείχει,
605 5108 737 5181 διήκοντες
752 5109 778 5179 ές
820 5125 900 5172 autem
911 5125 989 5173 turres
996 5125 1063 5173 crunt
1071 5120 1189 5184 ingentes,
1198 5119 1405 5185 cretosumque
1413 5120 1603 5184 nuruscmsst-
