3676 5828
201 348 1589 388 ffltfflmmssssssssssfflflmssw

685 614 1108 730 PRAEFATIO.

809 986 983 1010 ψ

250 1243 361 1332 Quod
375 1243 482 1315 nobis
495 1244 531 1314 in
544 1258 620 1314 toto
632 1243 704 1315 hoc
713 1267 908 1339 graecorum
924 1244 1139 1341 scriptorum
1154 1269 1304 1342 corpore
1317 1246 1460 1318 edendo
1472 1271 1606 1344 propo·

202 1369 314 1438 situm
334 1367 417 1456 tuit,
432 1381 472 1437 ut
487 1391 614 1462 magna
629 1365 791 1437 adhibita
807 1365 991 1462 diligentia
1008 1381 1042 1438 et
1060 1393 1208 1463 gracam
1225 1370 1426 1440 orationem
1443 1385 1479 1441 et
1496 1372 1606 1441 inter·
1705 1362 1710 1369 ’

203 1491 442 1588 pretationem
471 1489 618 1560 latinam
644 1489 752 1560 talem
778 1489 1075 1586 exprimeremus,
1104 1492 1218 1588 qualis
1245 1491 1356 1564 hodie
1380 1492 1457 1565 lieri
1486 1508 1608 1591 posset

204 1638 314 1711 quam
338 1612 631 1683 emendatissima
656 1627 737 1710 post
765 1626 818 1683 tot
835 1626 1092 1708 tantorumque
1115 1615 1277 1684 virorum
1303 1613 1437 1704 studia,
1459 1613 1608 1712 quibas

205 1735 342 1806 litteras
367 1734 533 1806 doctrina
556 1735 775 1831 ingenioque
800 1760 866 1806 suo
889 1734 1132 1824 illustrarunt,
1158 1736 1196 1807 id
1220 1762 1320 1808 nunc
1342 1739 1380 1808 in
1400 1737 1608 1834 Thucydide

205 1883 351 1956 qnoque
381 1873 588 1928 constanter
613 1881 738 1928 sumus
765 1858 888 1928 secuti.
918 1859 961 1927 Et
989 1861 1185 1956 exspectari
1212 1860 1361 1957 quidem
1388 1877 1543 1959 poterat,
1570 1876 1610 1931 ut

204 1979 416 2078 praclarum
441 1979 513 2051 hoc
534 2004 643 2077 opus,
668 1978 768 2076 quod
786 1979 963 2075 praecipua
988 1979 1142 2076 quadam
1169 2006 1253 2052 cura
1277 1997 1371 2052 esset
1393 1982 1462 2053 hac
1486 1999 1608 2054 nostra

207 2118 309 2174 aetate
328 2117 536 2190 tractatum,
562 2117 690 2198 praeter
710 2116 825 2172 cetera
844 2101 1023 2196 integrum
1044 2125 1084 2170 ac
1100 2100 1325 2172 luculentum
1348 2101 1525 2198 prodiret,
1543 2128 1610 2173 nee

204 2251 291 2297 vero
304 2225 502 2297 obscurum
512 2240 577 2313 est,
591 2223 713 2298 multis
726 2224 888 2321 partibus
897 2223 1008 2294 hodie
1023 2224 1155 2295 rectius
1168 2224 1415 2320 Thucydidem
1429 2225 1497 2322 legi
1505 2241 1541 2297 et
1553 2227 1609 2296 in-

205 2348 316 2443 telligi
329 2372 438 2445 quam
453 2347 553 2417 olim.
571 2347 639 2418 Sed
656 2363 775 2420 tamen
790 2348 909 2443 negari
925 2371 1001 2417 non
1019 2345 1142 2434 debet,
1156 2346 1252 2418 haud
1266 2371 1379 2444 pauca
1386 2348 1506 2419 adhuc
1513 2347 1610 2446 apud

204 2497 289 2543 eum
304 2496 488 2568 superesse
503 2486 564 2541 aut
577 2469 683 2568 plane
699 2470 784 2557 [alsa
799 2486 860 2541 aut
874 2470 1010 2540 incerta
1022 2485 1058 2540 et
1074 2469 1241 2557 obscura,
1258 2471 1296 2540 in
1317 2471 1451 2567 quibus
1466 2495 1610 2543 necesse

204 2609 261 2665 est
282 2594 480 2665 subsistant
495 2593 615 2681 dubii,
633 2592 854 2690 quicumque
873 2609 935 2664 aut
953 2591 1119 2663 dubitare
1138 2607 1310 2690 poterunt
1330 2609 1392 2664 ant
1416 2595 1611 2665 subsistere

203 2712 345 2802 volent,
360 2729 467 2811 atque
480 2728 595 2784 cetera
605 2713 753 2811 quidem
767 2715 981 2785 auxiliorum
996 2739 1125 2810 genera
1139 2715 1375 2812 inposterum
1388 2717 1612 2814 quoqnehu-

202 2837 364 2931 jusmodi
384 2836 473 2907 locis
495 2861 724 2932 magnacum
747 2836 899 2907 utilitate
920 2834 1210 2923 adhibebuntur,
1233 2836 1459 2908 acodicibus
1483 2863 1610 2909 manu-

206 2959 349 3054 scriptis
359 2983 444 3029 vero
454 2982 533 3054 quae
543 2959 737 3055 exspectari
747 2972 929 3055 poterant,
944 2959 1097 3028 omnino
1109 2957 1334 3055 desperanda
1342 2959 1513 3030 videntur
1522 2986 1610 3032 esse.

205 3078 315 3164 Quod
329 3102 444 3175 quum
459 3078 508 3149 ita
524 3079 580 3167 sit,
598 3078 747 3149 fecimus
760 3078 860 3176 quod
874 3104 941 3177 pro
955 3081 1112 3150 instituti
1129 3082 1244 3151 nostr'i
1261 3082 1400 3151 ratione
1412 3083 1609 3177 potuimus;

204 3226 318 3297 graeca
342 3200 532 3296 diligenter
552 3204 793 3298 expressimus
818 3228 860 3274 ex
878 3201 987 3271 altera
1012 3201 1246 3271 Immanuelis
1260 3201 1417 3295 Eekderi
1431 3201 1609 3293 editione,

206 3348 286 3421 qnae
297 3322 432 3419 prodiit
445 3323 600 3395 Berolini
620 3322 766 3411 1832,in
779 3349 849 3421 qua
864 3313 1030 3394 illec'erta
1043 3323 1199 3420 quadam
1214 3306 1352 3394 ratione
1367 3324 1611 3422 laudabilique

205 3444 408 3516 constantia
424 3468 507 3515 enm
522 3459 620 3516 tenet
642 3443 860 3516 emendandi
878 3443 1047 3534 modum,
1063 3447 1127 3542 qui
1142 3446 1245 3517 libris
1268 3449 1367 3517 MSS.
1389 3449 1609 3518 continetur.

204 3568 334 3663 Agitur
359 3569 456 3638 enim
480 3567 552 3638 hoc
574 3583 656 3639 ante
685 3569 824 3655 omnia,
846 3581 888 3637 ut
912 3567 1148 3664 insigniorem
1173 3594 1355 3665 quemque
1385 3571 1610 3666 antiquitatis

204 3690 341 3761 librum
362 3690 469 3761 talem
481 3715 746 3788 proponamus,
761 3689 903 3788 qualern
924 3714 1107 3788 quemque
1122 3706 1184 3761 aut
1205 3689 1384 3762 beneficio
1402 3708 1609 3790 temporum

205 3829 268 3885 aut
286 3814 474 3911 iniquitate
494 3814 666 3886 traditum
682 3815 902 3911 accepimus,
918 3835 1037 3909 neque
1052 3834 1131 3881 eam
1149 3811 1271 3905 potius
1294 3810 1446 3881 velimus
1463 3813 1609 3908 integri-

206 3952 316 4008 tatem
333 3937 365 4008 ei
383 3938 587 4027 restituere,
604 3952 645 4008 ut
661 3938 825 4009 videatur
843 3938 920 4034 ipse
937 3949 1062 4006 auctor
1077 3931 1212 4002 librum
1229 3957 1294 4002 sua
1307 3956 1417 4003 manu
1435 3934 1610 4030 seriptum

205 4058 410 4154 reliquisse,
434 4058 498 4129 sed
523 4082 618 4148 eam,
642 4082 721 4154 quae
742 4059 896 4128 maxima
915 4057 983 4126 tuit
1000 4070 1062 4126 aut
1081 4079 1157 4125 esse
1179 4056 1298 4151 potuit
1321 4080 1397 4126 uno
1415 4055 1536 4153 aliquo
1558 4080 1610 4125 se·

206 4178 306 4268 culo,
323 4204 431 4277 equo
446 4182 622 4277 originem
638 4180 817 4251 duxerunt
834 4180 978 4251 codices
997 4181 1096 4250 MSS.
1113 4177 1221 4248 nobis
1236 4179 1376 4249 servati.
1393 4181 1474 4264 Quo
1490 4178 1545 4265 tit,
1569 4196 1611 4250 ut

204 4302 244 4372 in
269 4303 391 4398 paucis
409 4317 550 4373 tantum
569 4304 685 4399 iisque
704 4303 960 4374 recentissimis
988 4300 1225 4398 scriptoribus
1242 4307 1338 4370 certa
1359 4299 1431 4372 fide
1450 4304 1609 4399 proestari

204 4425 337 4520 possit,
354 4425 536 4522 propriam
551 4425 714 4521 ipsorum
729 4449 881 4495 manum
895 4450 914 4496 a
931 4425 1038 4495 nobis
1054 4423 1212 4510 restitui;
1231 4420 1276 4492 de
1288 4437 1492 4493 ceterorum
1507 4423 1609 4494 libris

204 4544 300 4616 bene
325 4547 451 4642 agitur,
474 4547 503 4616 si
523 4544 609 4616 tales
623 4546 798 4642 legantur,
817 4548 941 4645 quales
956 4548 1093 4644 aliquot
1108 4570 1216 4643 quam
1237 4545 1463 4642 paucissimis
1477 4545 1607 4616 seculis

202 4683 287 4765 post
303 4669 466 4764 ipsorum
480 4683 618 4739 aetatem
636 4669 763 4739 haberi
782 4685 964 4766 poterant3
987 4667 1248 4739 nonnullorum
1267 4692 1351 4739 vero
1368 4683 1440 4739 tam
1459 4668 1606 4739 adversa

203 4789 350 4860 fortuna
371 4787 454 4877 fuit,
476 4803 516 4859 ut
533 4789 694 4885 exempla
716 4814 841 4860 eorum
868 4792 1117 4887 antiquissima
1136 4787 1234 4859 haud
1258 4790 1414 4861 multum
1436 4806 1608 4892 superent

201 4935 282 4982 eam
293 4925 445 4999 aetatem,
460 4936 532 5006 qua
541 4911 683 4982 codices
699 4937 808 4983 manu
825 4912 977 4983 describi
992 4912 1097 4983 desiti
1108 4929 1203 4983 sunt.
1221 4917 1335 5010 htque
1348 4914 1386 4982 in
1397 4911 1606 5008 Thucydide

200 5034 357 5132 quidem
372 5033 473 5129 pejus
486 5059 541 5105 res
555 5034 701 5124 cecidit,
717 5060 826 5133 quam
840 5035 895 5105 vel
908 5034 1058 5130 dignum
1075 5053 1128 5107 est
1144 5051 1245 5106 tanto
1260 5036 1451 5131 scriptore,
1467 5034 1522 5105 rel
1537 5059 1609 5105 cre·

199 5158 320 5232 dibile
338 5156 453 5228 rideri
466 5157 554 5229 solet
570 5159 624 5249 iis,
637 5160 700 5255 qui
719 5157 886 5229 codicum
897 5161 992 5229 MSS.
1007 5159 1279 5230 multitudinem
1296 5156 1532 5229 admirantur.
1545 5160 1607 5231 hr-

210 5289 216 5295 .
719 5281 721 5285 .
1480 5293 1495 5324 ι
