3676 5828
687 368 861 431 εοιιοιιι.
879 365 937 445 ιν,
953 373 1079 428 ιι-εο,
1660 376 1698 428 ιο

131 507 247 569 XLVII.
268 506 519 585 Μηχανησαμίνων]
540 502 626 562 αὐτῶν
640 502 693 560 τῶν
712 501 739 560 ἐν
752 503 786 580 τῇ
800 497 872 559 πόλει
917 497 1035 578 λέγεται,
1051 499 1077 558 ἐν
1090 494 1206 578 τῇνήσιρ
1219 499 1272 555 τῶν
1285 493 1412 577 Κυθήρων
1421 492 1495 576 παρά
1503 495 1639 557 θάλασσαν
1649 523 1702 561 κει-

93 593 272 678 Κερκυραίων.
288 591 517 672 μηχανησαμίνων
534 589 561 649 δέ
576 588 645 668 λέγει
662 588 739 649 οίονεί
753 590 874 668 εὐτρεπι-
919 585 993 664 μένη.
1013 621 1054 631 -
1075 605 1098 647 υ.
1119 582 1355 664 Ἐπιτηδειότερον]
1377 582 1435 643 άντ]
1453 589 1499 643 τοῦ
1519 588 1701 669 συμφερόντως

93 684 205 744 σάντων.
215 706 256 729 -ε-
268 703 291 742 τ.
307 679 488 741 Ξυνελάόοντο
502 680 530 738 δέ
545 685 585 750 ...]
600 676 656 737 ἀντί
669 682 729 750 τοῦ,
742 674 875 755 συμμετί-
918 671 1017 740 τούτοις
1029 681 1082 740 τοίς
1096 670 1244 751 Κυθηρίοις.
1260 707 1300 716 -
1313 674 1416 745 Ᾰύτοῖς]
1434 673 1487 739 τοῖς
1503 675 1648 755 Κυθηρίοις.
1662 713 1703 725 —-

93 794 157 851 σχον
175 769 202 829 δέ
218 771 265 829 οὐκ
279 767 371 847 ὀλίγως
383 773 428 827 τοῦ
441 766 557 826 τοιούτου
570 764 736 846 πράγματος,
751 762 814 830 ‘Im‘
827 785 874 821 πῑ·
920 759 1087 833 Ἀνέστησαν]
1108 760 1188 837 ήγουν
1209 758 1368 840 μετῴκισαν.
1388 794 1429 805 -
1446 780 1468 820 ο.
1490 760 1703 842 Ἐναυλιζόμινοι

67 857 173 930 ῦθανήν
186 857 231 916 καί
243 856 339 927 πιστήν
352 854 470 934 γενέσθαι
482 858 535 921 τοῖς
548 856 575 914 ἐν
593 856 626 932 τῇ
642 850 747 932 Πτυχίφ
766 851 875 932 ἀνδράσι
919 852 971 908 τῶν
988 848 1092 929 χωρίων
1111 839 1141 908 οὐ
1159 847 1249 929 καιρδς
1268 847 1319 920 είη]
1338 849 1601 928 στρατοπεδευόμενοι
1620 856 1656 922 εἰς
1673 853 1731 923 τὸς

93 947 140 1018 τήν
153 946 267 1017 ἀπάτην,
281 946 305 1004 οί
319 941 461 1026 στρατηγοὶ
472 945 524 1000 τῶν
538 937 689 1012 Ἀθηναίων.
704 919 760 997 είτα
773 936 822 1011 τήν
834 939 876 997 αί-
919 940 1119 1021 ἐπικαιρότατον
1142 943 1194 999 τῶν
1212 938 1326 1020 χωρίων.
1347 974 1387 985 -
1407 931 1449 1000 Οὐ
1470 941 1560 1021 καιρός
1578 943 1630 1017 εἴη]
1646 947 1705 1006 ἀντὶ

93 1035 151 1094 τίαν
165 1033 243 1110 λέγει·
254 1031 359 1103 ἐπειδὴ,
372 1029 459 1112 φησὶν,
471 1026 546 1087 αὐτοὶ
560 1026 692 1086 ἀπέπλεον
707 1025 751 1085 ἐπί
764 1024 812 1097 τήν
828 1029 877 1085 Σι·
919 1035 978 1100 τοῦ,
989 1029 1054 1087 ὅπου
1067 1027 1174 1087 δυνατὸν
1188 1027 1306 1108 ἐφαίνετο
1317 1029 1404 1095 αὐτοῖς
1413 1028 1458 1086 καλ
1471 1029 1602 1109 χρήσιμον
1614 1037 1647 1114 τῇ
1660 1035 1706 1094 δυ-

93 1123 192 1196 κελίαν,
202 1123 312 1181 ἀλλὀὐκ
322 1119 365 1179 ἐπὶ
373 1116 540 1188 τάςἈθήνας,
548 1117 594 1175 οὐκ
600 1113 738 1174 ἐόούλσντο
746 1112 778 1172 δι’
788 1113 875 1172 ἀλλων
919 1115 997 1192 νάμει
1011 1121 1044 1196 τῇ
1060 1119 1158 1175 ἑαυτῶν
1173 1115 1302 1189 δηλονότι.

94 1214 170 1268 τινῶν
184 1206 348 1284 κομισάντων
361 1202 453 1272 αὐτούς
466 1206 492 1272 ἐς
503 1202 549 1271 τάς
559 1202 682 1276 Ἀθήνας,
693 1201 804 1267 ἐκείνους
815 1223 876 1280 καρ-
961 1208 1020 1265 LV.
1042 1204 1186 1284 Τοιαύτας]
1202 1205 1283 1283 ἤγουν
1303 1203 1457 1282 πολεμικάς.
1478 1241 1518 1253 -
1540 1207 1704 1291 Διέπεμψαν]

55 1311 81 1349 ιυ
95 1297 234 1356 τείσασθαι
246 1295 295 1368 τήν
310 1292 394 1362 δόξαν.
408 1328 449 1339 -
465 1291 534 1359 Τούς
547 1293 767 1372 τεχνησαμένους]
784 1287 877 1356 αὐτούς
921 1291 1117 1373 διαμερίσαντες
1138 1291 1268 1372 ἔπεμψαν.
1281 1327 1321 1337 -
1336 1291 1385 1359 Ὡς
1407 1294 1571 1374 ίκασταχόσε
1586 1295 1648 1369 ἐδτι]
1670 1301 1706 1367 εἰς
1723 1335 1746 1374 ,η

94 1386 153 1453 τοὺς
164 1386 240 1453 ὄντας
254 1388 280 1445 ἐν
291 1388 324 1462 τῇ
335 1380 474 1465 Κερκύρφ,
487 1378 723 1460 μηχανησαμένους
731 1377 761 1437 τδ
773 1378 874 1438 πλοῖον.
920 1379 954 1438 τά
967 1382 992 1438 ἐν
1004 1378 1122 1446 ἑκάστοις
1133 1378 1222 1446 τόποις
1232 1378 1350 1461 φρούρια.
1360 1414 1401 1426 -
1413 1383 1476 1441 Τῶν
1489 1382 1550 1463 περὶ
1563 1382 1611 1455 τήν
1626 1387 1707 1446 κατά-

94 1509 134 1520 -
147 1495 168 1534 a.
182 1479 289 1551 Διῆγον]
305 1469 462 1538 διεόίόαζον.
473 1504 514 1516 -
525 1468 595 1529 Ὑπδ
607 1472 659 1526 τῶν
671 1463 876 1548 παρατεταγμί-
922 1475 1024 1540 στασιν]
1046 1459 1099 1527 οἷον
1117 1471 1170 1527 τῶν
1187 1468 1248 1548 περ]
1267 1466 1315 1539 τήν
1335 1468 1469 1528 πολιτείαν
1488 1473 1575 1530 αὐτῶν
1593 1473 1638 1532 καί
1658 1473 1706 1547 τήν

94 1571 156 1634 νων]
171 1560 328 1641 ἑκατέρωθεν
341 1557 468 1631 δηλονότι.
479 1593 520 1603 -
530 1561 588 1630 Τῆς
600 1558 672 1628 ὁδοῦ]
685 1557 721 1623 είς
734 1555 764 1614 τὸ
775 1553 878 1633 ἔμπρο-
920 1555 1020 1637 χώραν.
1033 1592 1074 1601 -
1087 1558 1266 1637 Περιεστῶτος
1279 1554 1395 1634 πολέμου
1407 1580 1431 1616 τ.
1446 1581 1471 1619 κ.
1483 1561 1522 1630 ἀ.]
1533 1561 1708 1640 προςπιπτόν-

95 1654 153 1707 σθεν
165 1653 211 1719 τῆς
223 1648 291 1706 δδού.
922 1670 974 1704 των
989 1644 1116 1724 αἰφνίδιον
1127 1644 1253 1702 πάντοθεν
1261 1647 1313 1702 τῶν
1325 1645 1468 1722 πολεμίων,
1480 1647 1525 1705 καί
1537 1646 1598 1707 άνευ
1608 1655 1653 1708 τοῦ
1662 1650 1709 1710 δύ-

57 1745 81 1784 ¹⁵
134 1737 264 1797 XLVIII.
286 1731 398 1811 Αὐτούς]
409 1729 468 1799 τούς
485 1728 672 1811 Κερκυραίους.
688 1762 728 1773 -
743 1747 765 1788 α.
782 1727 878 1796 Βιάζε-
922 1737 1016 1792 νασθαι
1030 1731 1331 1813 προφυλάξασθαι.--α.
1343 1724 1430 1800 θίςτδ
1443 1733 1480 1811 μή
1492 1737 1706 1817 ἐπιχειρούμενον
1725 1783 1747 1819 ,γ

95 1824 166 1902 σθαι]
179 1820 247 1900 μετὰ
267 1820 325 1901 βίας
345 1819 502 1900 ἐςέρχεσθαι.
518 1852 558 1863 -
569 1837 591 1878 υ.
605 1819 641 1877 Οί
659 1815 697 1889 δά]
715 1818 738 1876 σί
754 1817 781 1875 δέ
799 1817 826 1875 ἐν
840 1819 878 1896 τῷ
925 1827 965 1892 ...]
983 1811 1086 1887 οἶςτισιν
1099 1818 1240 1892 Ἀθηναίοις
1251 1817 1281 1877 τό
1293 1817 1330 1897 μν]
1345 1822 1485 1902 ἐπιχειρεῖν
1498 1823 1539 1881 ἀεί
1548 1849 1573 1883 τι
1584 1826 1708 1907 πράττειν

95 1911 228 1990 οἰκήματι.
246 1944 287 1956 -
300 1909 347 1977 Ἐς
360 1906 406 1974 τάς
424 1904 535 1988 σφαγάς]
550 1905 629 1984 ήγουν
643 1907 678 1972 εἰς
696 1903 726 1964 τό
744 1903 819 1985 μέρος
832 1909 877 1962 τοῦ
922 1907 1010 1967 καινὸν
1038 1906 1175 1989 ύστίρησις
1200 1905 1283 1965 ἐδόκει
1303 1911 1355 1966 τῶν
1377 1909 1612 1989 προςδυκηθέντων.
1635 1907 1709 1991 §oIg

96 1998 230 2077 σώματος,
242 1997 303 2056 ἐνθα
316 1994 474 2076 σφάττονται
485 1993 518 2053 τά
532 1996 597 2062 ζῶα.
611 1990 716 2074 σφαγήν
728 1993 837 2051 καλοῦσι
849 1989 880 2049 τό
924 1994 1066 2068 Ἀθηναίοις
1081 1994 1159 2072 μόνον
1174 1995 1257 2052 έκεῖνο
1272 1993 1405 2075 άπρακτον
1419 1989 1451 2068 ήν
1466 1997 1496 2056 τὸ
1509 1998 1546 2075 μή
1561 2001 1708 2082 ἐπιχειρού-

96 2084 164 2161 καῑά
178 2083 225 2159 τήν
239 2086 329 2145 κλεῖδα
341 2080 532 2163 τοδάνθρόιπου
545 2080 679 2162 μίρος,δι’
690 2071 721 2140 οὐ
731 2085 837 2139 καθιᾶσι
845 2076 879 2138 τὰ
923 2106 1011 2161 μενον.
1034 2085 1069 2149 ὡς
1091 2081 1170 2154 δήλου
1190 2080 1261 2149 ὄντος
1279 2083 1325 2113 *⁸*
1348 2085 1395 2141 οὐκ
1415 2075 1447 2156 ήν
1466 2087 1554 2152 αὐτοῖς
1574 2086 1708 2168 ἀπρακτον

55 2190 83 2229 το
96 2173 201 2254 σιδήρια
212 2177 236 2232 σί
249 2171 364 2237 θέλοντες
379 2169 485 2237 ίαυτούς
499 2170 607 2228 ἀνελεῖν.
621 2202 662 2213 -
673 2169 735 2234 Τοῖς
744 2165 880 2247 σπάρτοις]
923 2169 1000 2247 μόνον
1015 2170 1155 2241 θελήσασιν
1169 2168 1253 2229 οὐδέν.
1268 2205 1308 2216 -
1318 2190 1340 2230 ι.
1360 2171 1549 2253 Ἀτολμότεροι]
1565 2175 1705 2255 ὀκνηρότε-
1721 2218 1749 2257 2⁰

95 2265 130 2329 ὡς
144 2261 196 2320 ἀπδ
207 2259 291 2328 εὐθίος
301 2259 435 2338 οὐδετίρου
446 2257 477 2317 τδ
488 2255 614 2336 σπάρτον.
626 2290 667 2301 -
680 2253 879 2335 Παραιρήματα
925 2281 972 2341 ροι.
987 2293 1028 2305 -
1044 2262 1196 2330 Κινήσειαν]
1213 2257 1279 2338 ύπέρ
1298 2262 1399 2318 έαυτῶν
1413 2260 1541 2332 δηλονότι.
1558 2297 1598 2308 -
1611 2262 1663 2327 Διά
1678 2268 1709 2324 τδ

95 2355 237 2420 ποιοῦντες]
252 2345 329 2415 ῶςάν
343 2345 465 2423 εέἐλεγε,
477 2341 631 2421 τελαμῶνές
644 2364 716 2409 τινας
728 2340 880 2420 θπυσχίίῠν·
972 2347 1161 2428 κακοπραγεῖν]
1184 2345 1227 2405 διδ
1249 2347 1280 2406 τὸ
1301 2344 1338 2424 μή
1355 2346 1486 2407 πιστεύειν
1504 2347 1596 2417 αὐτούς
1614 2351 1709 2428 μηκέτι

95 2460 137 2504 τες
149 2439 201 2496 τῶν
220 2434 344 2514 ἱματίων,
360 2431 445 2513 ὥςπερ
462 2430 544 2501 ζώνας
557 2429 668 2490 ἐποίουν·
682 2427 728 2489 καί
741 2427 880 2497 πλέκοντες
925 2434 1015 2513 μηδίν.
1032 2434 1282 2516 κακοπραγήσαντες
1295 2432 1346 2517 γάρ
1356 2435 1419 2516 παρ’
1428 2435 1523 2494 ἐλπίδα
1535 2439 1581 2496 οὐκ
1594 2440 1710 2507 εἰωθότες

96 2522 173 2597 αὐτά,
182 2523 227 2583 καλ
235 2527 368 2588 ποιοῦντες
377 2518 461 2600 ῶςπερ
467 2518 579 2601 σχοινία,
587 2517 759 2585 οὐτωςαύτοῑς
766 2519 880 2599 ἐχρῶντο
924 2524 951 2580 ἐν
965 2526 1002 2603 τῷ
1016 2520 1078 2603 πρὶν
1089 2521 1175 2603 χρόνῳ
1185 2525 1319 2602 ἀστοχεῖν,
1331 2521 1453 2600 οὐδεμίαν
1467 2524 1588 2605 περὶτῶν
1600 2527 1710 2604 μελλόν·

57 2608 269 2692 ὶῡπρδςτδάπά
305 2614 389 2669 εσθαι.
402 2605 674 2686 -Ἐπεγίνιτογάρ
687 2603 732 2674 νύξ
745 2609 783 2686 τῷ
794 2604 881 2678 παθή-
923 2633 975 2668 των
987 2610 1081 2668 ἐλπίδα
1097 2609 1206 2689 βεόαίαν
1220 2601 1302 2690 ε’ίχον.
1723 2653 1749 2690 ,γ

97 2707 171 2778 μασι]
186 2697 276 2771 ἐπειδή
291 2720 347 2757 ειπε
360 2695 391 2756 τδ
400 2693 467 2755 πολὺ
481 2699 528 2766 τῆς
536 2693 641 2765 νυκτδς,
652 2691 695 2753 ίνα
707 2693 745 2770 μή
754 2717 792 2761 τις
805 2692 880 2772 είπη,
964 2698 1040 2759 LVI.
1063 2696 1117 2757 Τὸν
1139 2696 1186 2775 μίν
1205 2695 1295 2776 ὄχλον]
1315 2696 1345 2755 τδ
1364 2700 1470 2769 πλῆθος.
1490 2733 1530 2744 -
1549 2699 1709 2783 Έφίὸησεν]

100 2785 192 2849 Καίτοι
206 2788 233 2846 ἐν
247 2784 335 2866 ἡμέρα
348 2789 433 2843 ταῦτα
449 2781 563 2860 ἐγίνετο,
576 2780 648 2860 λέγει
664 2782 741 2860 ἐντῷ
752 2780 826 2861 μέσῳ
836 2781 880 2853 τδ,
924 2784 960 2850 είς
973 2781 1056 2864 φυγήν
1075 2783 1179 2845 έόαλεν.
1199 2819 1240 2829 -
1255 2785 1417 2865 Ἐπιδρομῇ]
1433 2785 1491 2844 ἀντί
1501 2791 1547 2846 πού
1562 2788 1589 2857 ἐξ
1604 2791 1709 2871 ἐπιδρο-

99 2873 233 2955 ἐπεγένετσ
243 2871 355 2955 γάρνύξ.
364 2907 405 2918 -
413 2870 566 2950 Φορμηδόν]
577 2873 612 2936 ὡς
621 2867 666 2928 ἐάν
677 2892 715 2935 τις
730 2867 811 2948 πλίξῃ
822 2892 882 2950 φορ-
925 2874 989 2947 μῆς,
1004 2870 1036 2929 δι’
1049 2870 1176 2951 αὐφνιδίας
1187 2871 1291 2954 ἐφόδου.
1305 2907 1346 2918 -
1359 2892 1382 2933 α.
1398 2873 1444 2940 Ἐς
1457 2873 1628 2956 Ἐπίδαυρον]
1641 2879 1709 2951 ἄλλη

100 2961 175 3041 μούς,
188 2960 247 3028 τούς
260 2958 436 3038 καλουμένους
449 2958 572 3038 ψιάθους,
585 2955 643 3023 τούς
655 2954 702 3034 μὲν
715 2955 785 3016 κατδι
798 2962 882 3034 μῆκος
924 2957 994 3016 ἐστίν
1009 2957 1168 3040 Ἐπίδαυρος
1182 2962 1208 3018 ἐν
1223 2963 1261 3039 τῷ
1273 2962 1368 3038 ἰσθμῷ.
1387 2959 1499 3032 -Τήν
1514 2963 1649 3045 Λιμηράν]
1663 2967 1710 3026 οὐκ

58 3073 86 3110 νυ
99 3051 183 3109 αὐτῶν
198 3047 322 3120 τιθέντες,
336 3047 431 3113 ἄλλους
444 3045 472 3105 δὲ
487 3043 605 3123 πλαγίως
623 3043 808 3112 ἐπιόάλλοντες
821 3047 880 3104 κατ’
925 3043 977 3104 ἀπδ
988 3047 1066 3122 λιμοῦ
1076 3043 1157 3112 οὕτως
1168 3045 1335 3123 ὠνόμασται,
1348 3045 1416 3105 ἀλλά
1426 3046 1469 3106 διδ
1479 3047 1508 3106 τδ
1519 3051 1630 3119 πολλούς
1639 3052 1709 3133 ἐχειν
1723 3100 1749 3136 ,υ

98 3140 192 3198 αὐτῶν.
202 3133 322 3218 ἐμφαίνει
333 3134 361 3194 δὲ
372 3140 448 3194 τοῦτο
457 3136 509 3192 τῶν
521 3131 690 3214 Κερκυραίων
699 3129 747 3202 τήν
755 3130 880 3209 ὠμότητα
924 3131 1046 3210 λιμένας,
1058 3133 1116 3192 ἀντί
1127 3139 1172 3193 τοῦ
1186 3133 1339 3216 λιμτνηράν.
1353 3170 1394 3180 -
1405 3135 1496 3216 Σφίσι]
1514 3141 1567 3205 τοῖς
1579 3142 1711 3200 Λακεδαι-

99 3227 134 3292 εές
144 3223 202 3291 τούς
216 3222 404 3293 ἀποθανόντας,
417 3220 457 3282 ότι
469 3219 528 3280 οὐδὲ
540 3219 608 3298 μετὰ
622 3219 665 3278 τὸν
679 3217 784 3277 ἐκείνων
798 3219 881 3279 θανά·
925 3219 1034 3298 μονίοις,
1055 3219 1106 3280 ύπδ
1127 3224 1179 3280 τῶν
1201 3223 1359 3300 Αἰγινητῶν.
1382 3257 1424 3268 -
1447 3224 1518 3304 Πρδς
1535 3224 1583 3298 τήν
1604 3227 1708 3290 ἐκείνων

97 3335 142 3372 τον
155 3317 201 3373 τοῦ
212 3311 276 3392 πρδς
287 3310 398 3377 ἐκείνους
410 3307 500 3387 μίσους
511 3307 669 3368 ἐπαύσαντο.
678 3341 721 3354 -
731 3307 881 3389 Ἠνδραπο-
924 3306 1032 3387 γνώμην
1047 3308 1088 3368 ἀεὶ
1108 3308 1232 3383 ἐστασαν]
1249 3307 1390 3392 ὁμόφρονες
1405 3311 1451 3371 καί
1466 3312 1537 3394 φίλοι
1552 3318 1606 3382 τοῖς
1618 3320 1709 3376 Δακε-

99 3397 443 3480 δίσαντο1ὡςάνδραπύδοις
456 3395 610 3477 ἐχρήσαντο.
925 3395 1157 3473 δαιμονίοιςόντες.

58 3504 85 3545 σο
137 3489 239 3549 xle.
260 3486 316 3547 Καὶ
328 3483 414 3562 ἐκπίμ
434 3507 509 3550 αντις
519 3507 545 3545 τ.
561 3486 607 3555 Κ.]
620 3482 679 3541 ἀντὶ
687 3487 733 3543 τοῦ
745 3481 791 3541 καλ
800 3481 882 3542 ἐκόα-
964 3485 1054 3546 Lvll.
1067 3483 1107 3545 Τδ
1118 3484 1165 3563 μίν
1175 3483 1403 3565 ἐπλτῇθαλάσοῃ]
1412 3485 1492 3565 ἤγουν
1501 3488 1532 3547 τὸ
1540 3488 1711 3569 παραθαλάσ-
1724 3529 1750 3565 ,ς

98 3574 184 3644 λέντες
197 3573 257 3644 τούς
268 3573 343 3642 όντας
354 3576 407 3633 ἐκεῖ
420 3568 578 3652 Κορινθίους.
587 3606 628 3616 -
639 3568 718 3630 λύτοί
728 3570 881 3650 Ἀκαρνᾶνες
924 3594 989 3633 σιον.
1004 3603 1044 3628 -ε-
1054 3591 1077 3633 α.
1092 3571 1270 3652 Ξυνιτείχιζε]
1283 3574 1496 3652 συνελαμόάνετο
1509 3582 1555 3634 τοῦ
1567 3576 1710 3657 τειχίσμα-

82 3660 236 3742 ’σίκήτορας
246 3660 299 3721 ἀπὸ
310 3660 426 3732 πάντων]
440 3658 483 3741 ἀφ’
492 3657 604 3731 ἑκάστης
615 3658 667 3740 γάρ
676 3656 777 3727 πόλεως
786 3658 882 3740 'Amp-
923 3681 974 3725 τος.
988 3693 1028 3704 -
1038 3678 1062 3720 ε.
1078 3659 1274 3740 Κατασχόντος]
1290 3661 1349 3720 ἀντὶ
1366 3667 1412 3720 τοῦ
1434 3663 1651 3744 προςορμίσαντες
1675 3671 1708 3746 τῇ

98 3749 187 3817 νανίας
199 3747 356 3808 ἀπέστειλαν
371 3744 429 3813 τούς
441 3745 603 3818 οἰκήσοντας.
924 3744 1027 3828 Θυρέφ·
1040 3748 1069 3806 οὐ
1083 3745 1135 3828 γάρ
1147 3747 1218 3826 λέγει
1231 3748 1418 3829 κρατήσαντες.
1434 3784 1474 3795 -
1489 3769 1511 3810 ι.
1524 3753 1709 3826 Μεταστῆσαι]

137 3838 172 3899 L.
193 3834 289 3908 Ἠϊόνι]
301 3833 445 3916 Λυκόφρων
461 3840 531 3906 [ειν]
925 3833 1090 3910 μετανάστας
1102 3839 1221 3907 ποιήσαι.
1230 3834 1347 3903 -Τούς
1359 3838 1385 3895 ἐν
1396 3841 1429 3918 τῇ
1441 3836 1524 3916 νήσῳ]
1537 3843 1570 3919 τῇ
1583 3841 1711 3922 Σφακτη-

57 3989 86 4027 ‘⁰
189 3975 237 4026 w
246 3974 287 4038 III
295 3974 341 4038 III
350 3973 413 4039 ᾘὼν
425 3972 552 4038 Στρυμόνος
561 3971 682 4023 Bmma'
926 3921 1068 4071 p‘IIVIIL
1091 4008 1252 4090 Ἐκεχειρία]
1264 4010 1391 4092 διάλοιψις
1402 4017 1447 4072 τοῦ
1459 4013 1585 4091 πολέμου.
1593 4049 1633 4062 -
1642 4015 1710 4082 Ξυν-
1723 3978 1751 4014 ω

97 4119 173 4161 -ε,
193 4096 378 4174 Κομισθίντος]
393 4093 514 4175 ἀχθέντος
528 4094 579 4154 ύπδ
596 4099 642 4154 τοῦ
657 4093 825 4175 Ἀριστείδου.
839 4129 877 4141 -
925 4099 1074 4176 αλλαγεῖεν]
1098 4098 1252 4180 φιλιωθεῖεν.
1282 4139 1321 4152 -
1343 4096 1494 4164 ’ἀξιούντων
1519 4108 1556 4173 ...]
1578 4103 1636 4162 ἀντ]
1662 4109 1710 4163 τοῦ

99 4184 353 4267 Μεταγραψάμενοι]
364 4181 441 4242 οἱονεί
456 4181 718 4263 μεθερμηνεύσανττς.
925 4184 1071 4258 δηλούντων
1084 4185 1130 4244 καί
1143 4185 1387 4266 προςαγγιλλόντων
1401 4176 1444 4245 σία
1458 4186 1565 4256 ἐκαστος
1576 4189 1650 4270 παρὰ
1664 4197 1709 4255 τοῦ

138 4275 185 4334 Ll.
208 4272 355 4352 Περιεῖλον]
369 4271 497 4330 καθεῖλον.
510 4269 613 4330 -Ἐκ
623 4274 674 4328 τῶν
685 4270 811 4342 δυνατῶν]
824 4269 881 4329 ἀντὶ
925 4270 1011 4352 ίτίρου
1025 4271 1225 4343 ἐπλεονεκτήθη.

98 4365 144 4419 τοῦ
158 4358 227 4419 πάνυ
241 4358 332 4431 καλῶς
342 4356 482 4436 ἐνεδέχετο.
965 4362 1040 4422 LIX.
1062 4359 1133 4420 Οὔτε
1154 4359 1255 4425 πόλεως
1276 4358 1312 4418 ὢν
1330 4361 1470 4441 ἐλαχίστης
1489 4371 1529 4435 ...]
1557 4366 1708 4448 δημηγορία
1723 4407 1750 4447 ⁴³

54 4466 85 4509 τε
139 4449 203 4508 LII.
225 4445 349 4518 Αὐτόθεν]
365 4445 418 4503 άπδ
432 4448 479 4516 τῆς
492 4443 609 4526 ἠπείρου.
621 4480 662 4491 -
672 4464 693 4506 ³.
706 4443 818 4508 Πάντων
828 4445 880 4524 μά·
926 4446 1120 4528 Ἑρμοκράτους
1131 4447 1320 4528 Συρακουσίου.
1332 4447 1362 4506 τδ
1373 4449 1509 4531 προοίμιον
1519 4455 1549 4511 ἐκ
1561 4453 1710 4523 συστάσεως

99 4536 186 4606 λιστα]
203 4532 350 4611 σημείωσαι
364 4532 403 4591 ύτι
416 4531 522 4591 πάντων
535 4531 605 4611 λέγει
619 4532 664 4591 καλ
677 4535 707 4593 οὐ
720 4537 821 4592 πασῶν.
926 4541 970 4594 τοῦ
990 4536 1055 4595 ἰδίου
1069 4533 1214 4617 προςιύπου.
1232 4535 1379 4613 σημείωσαι
1393 4537 1423 4596 τὸ
1436 4539 1590 4611 παθητικόν.
1632 4542 1710 4621 Τίμ-

139 4624 218 4682 LIII.
240 4641 261 4681 υ.
275 4619 424 4702 Προςόολή]
438 4619 495 4678 ἀντ]
509 4626 555 4679 τοῦ
567 4619 731 4700 προςόρμισις
744 4620 789 4679 καί
801 4643 882 4680 κατα·
926 4647 997 4682 νεται
1011 4627 1027 4694 ή
1040 4621 1188 4704 δημηγορία
1206 4622 1272 4695 αὐτη
1290 4627 1328 4706 τῷ
1341 4624 1434 4706 δικαίῳ
1443 4626 1488 4685 καὶ
1500 4631 1538 4708 τῷ
1553 4626 1709 4710 συμφέροντι

100 4709 183 4786 γωγή.
201 4712 218 4786 §
237 4707 356 4776 ἐπίθεσις.
374 4743 415 4754 -
427 4698 538 4779 Ἐσσον]
560 4706 618 4766 ἀντὶ
635 4713 679 4767 τοῦ
697 4710 827 4786 οὐδαμῶς.
842 4744 882 4755 -
925 4710 970 4770 καὶ
981 4713 1019 4791 τῷ
1030 4711 1146 4791 δυνατῷ,
1156 4708 1237 4770 οὐτω·
1249 4711 1348 4770 δίκαιον
1356 4712 1404 4788 μὲν
1414 4710 1478 4793 γὰρ,
1489 4713 1566 4794 φησί,
1578 4714 1642 4796 πρὸς
1651 4715 1710 4783 τούς

102 4799 321 4878 Κακουργεῐσθαι]
339 4797 420 4874 ήγουν
437 4795 617 4875 ληστεύεσθαι.
638 4830 678 4841 -
691 4794 799 4875 Ἀνίχει]
814 4799 880 4856 ἀνα·
925 4798 1071 4880 ὁμοφύλους
1084 4798 1230 4875 συμόῆναι,
1245 4799 1291 4858 καλ
1310 4798 1373 4879 πρὸς
1386 4800 1445 4866 τούς
1460 4800 1609 4873 Ἀθηναίους
1626 4805 1709 4882 αίρεῖ-
1722 4844 1748 4885 ω,

56 4891 87 4930 ⁰⁰
100 4885 176 4943 τείνει
190 4885 234 4943 καί
249 4883 441 4944 ἀναπέπταται.
926 4891 985 4945 σθαι
991 4885 1114 4963 πῶεμον·
1122 4877 1179 4944 εἶτα
1187 4885 1214 4945 δέ
1222 4888 1267 4945 καί
1274 4885 1405 4966 συμφέρον
1415 4885 1451 4964 μή
1460 4891 1505 4968 ἐᾷν
1512 4889 1708 4963 καταδουλωθῆ-

140 4973 213 5033 LIV.
235 4971 422 5052 Κατασχόντος
433 4961 488 5043 οὐν]
504 4971 561 5029 ἀντὶ
570 4975 618 5030 τοῦ
629 4968 845 5052 προςορμίσαντες
855 4973 882 5031 ἐν
925 4996 968 5031 ναι
986 4972 1123 5033 Σικελίαν·
1140 4972 1170 5033 τὸ
1187 4971 1214 5031 δέ
1235 4973 1352 5047 δυνατὸν,
1373 4971 1428 5050 ότι,
1448 4973 1494 5033 ε’ἀν
1511 4975 1706 5058 ὁμονοήσωμεν,

101 5061 186 5127 αὐτοῖς
199 5061 251 5126 τοῖς
264 5060 401 5141 Κυθήροις.
410 5057 498 5132 Ιἐστέσν
509 5057 536 5117 δέ
546 5056 586 5116 ότι
599 5057 643 5116 δύο
657 5056 745 5125 πόλεις
753 5050 820 5130 ήσαν
830 5061 882 5117 τῶν
926 5060 1021 5139 ῥφδίως
1036 5063 1087 5119 τῶν
1099 5059 1220 5119 ἐναντίων
1238 5060 1420 5141 περιεσόμεθα.
1433 5061 1551 5123 -Ούτε
1561 5063 1660 5131 πόλεως
1670 5064 1706 5124 ὢν

102 5146 241 5230 Κυθήρων,
259 5146 308 5228 μία
327 5146 376 5228 μέν
440 5145 447 5152 ’
565 5143 640 5226 “II’‘
657 5141 698 5221 δέ,
714 5145 732 5218 I
751 5145 882 5207 Σκάνδιιιι
926 5146 1080 5226 ἐλαχίστης,
1094 5137 1115 5207 ὐ
1130 5149 1297 5221 Σικελιῶται]
1306 5151 1330 5209 οί
1339 5148 1400 5229 περὶ
1408 5147 1576 5218 καταλύσεως
1588 5149 1705 5229 πολέμου

1554 5301 1591 5337 30.
