3676 5828
590 331 600 350 ·
672 336 1129 415 scfloLlA.111,1oss-1m
1662 355 1695 408 τι

103 472 228 548 δηλονότι.
240 507 279 516 -
292 469 338 541 Μή
353 471 376 528 οἱ
391 470 429 547 ...]
446 467 548 546 μήποτε
565 466 617 547 ἀρα
633 469 657 527 οί
673 470 699 527 ἐν
716 492 748 547 τη
761 466 834 526 πολει
848 491 880 546 τη
922 467 1025 550 κρύφα,
1042 459 1079 535 οἷς
1092 467 1208 543 ἐδέδοτο,
1223 470 1404 545 ἐπεόούλευον]
1418 472 1464 531 καὶ
1478 465 1514 540 σ’ίς
1528 475 1699 554 σπεισάμενος

103 559 252 642 Ἀμπρακίορ
267 559 464 639 Ἀμπρακιῶται
478 558 506 615 οὐ
520 556 648 626 δυνηθῶσι
661 556 768 614 διελθεῖν
782 554 841 622 τούς
854 556 880 613 ἐν
921 553 1089 632 Δημοσθένης
1109 559 1269 617 Μαντινεῦσι
1287 557 1332 618 καί
1359 560 1497 642 Μενεδαίιρ
1517 561 1699 644 συνεχώρησεν

102 651 157 718 ταῖς
182 647 295 729 Κρῆνοιις
314 647 472 724 Ἀκαρνᾶνας
492 642 668 726 φυλάττοντας
684 643 730 702 καὶ
747 641 805 709 τούς
824 642 880 720 μετ’
921 645 1107 724 ἀναχωρῆσαι,
1124 636 1194 704 αὐτοι
1207 644 1293 728 κρύφα
1306 647 1473 708 ἰόουλεύοντο
1487 652 1642 731 ἀναχωρεῖν,
1655 650 1698 713 ίνα

102 736 253 818 Εὐρυλόχου
269 732 501 804 Πελοποννησίους.
563 798 565 801 .
922 729 988 806 μήτε
1000 735 1024 790 οἱ
1038 731 1191 814 Ἀκαρνᾶνες
1205 733 1358 794 κωλύσωσιν
1373 737 1480 809 αὐτοὺς,
1494 740 1532 815 (οὐ
1544 737 1594 819 γάρ
1609 741 1700 801 ἐσπεί-

74 846 88 883 ⁵
141 827 213 887 cvl.
235 844 256 883 ε.
270 821 325 881 Καὶ
339 819 505 888 διεξελθόντες
515 817 611 895 μεταξὺ
626 819 670 897 ]
681 820 705 876 σί
720 816 786 895 μετδ
798 819 882 897 Εὐρυ·
920 821 1025 896 σαντο,)
1042 819 1110 896 μήτε
1124 825 1147 880 οἰ
1157 820 1355 902 Ἀμπρακιῶται
1367 823 1452 898 μένειν
1467 827 1646 904 ἀναγκάσωσι.
1713 857 1726 895 ⁵
1767 853 1770 861 ¹

100 911 192 991 λόχου,
208 909 362 991 φοθσύμενοι
380 907 453 987 παρά
470 930 498 965 τε
513 906 644 964 θάλατταν
665 908 818 987 ὁδοιπορεῖν,
837 903 880 964 διδι
961 906 1021 967 CX.
1043 927 1064 965 ν.
1080 909 1300 988 Πρσλοχιούντας]
1322 910 1373 991 πρὸ
1386 918 1432 971 τοῦ
1450 915 1609 974 καταλαόεῖν
1629 917 1700 976 ἐκεί-

100 999 158 1066 τούς
171 997 312 1078 Ἀργείους,
327 999 459 1061 οἰκοῦντας
473 994 517 1053 ἐπί
531 993 665 1073 θαλάσσῃ,
685 994 729 1052 καί
744 992 786 1052 διθ
801 1016 880 1071 μεοο-
920 1015 984 1059 νους.

100 1086 185 1166 γείσυ,
198 1087 240 1144 διδι
253 1084 300 1156 τήν
317 1087 344 1143 ἐν
359 1081 474 1162 Κρήναις
489 1082 640 1140 κωλύουσαν
654 1080 782 1162 φυλακήν,
801 1079 879 1158 μέσον
960 1083 1030 1141 cxl.
1053 1082 1116 1143 Ἐπί
1129 1083 1303 1163 λαχανισμόν]
1322 1084 1445 1164 λαχάνων
1468 1088 1640 1170 συνάθροισιν.
1659 1126 1700 1138 -

100 1178 147 1246 τῆς
158 1197 186 1231 τε
200 1177 252 1230 τῶν
265 1171 384 1250 Ἀργείων
400 1170 501 1236 πολεως
514 1170 558 1228 καὶ
569 1173 616 1240 τῆς
625 1171 742 1250 φυλακῆς
755 1168 879 1248 ἐχώρουν.
920 1173 1013 1241 Δῆθεν]
1031 1169 1114 1229 ἰστέον
1128 1170 1167 1228 ότι
1181 1170 1212 1230 τδ
1226 1172 1300 1243 δῆθεν
1315 1175 1425 1232 ἐνταῦθα
1442 1178 1476 1242 ὡς
1492 1177 1519 1233 έν
1531 1179 1699 1256 προςπσιήσει

61 1287 87 1324 ιο
141 1262 229 1322 Cvu.
253 1258 407 1328 Ιίαθίζσυσιν
422 1257 465 1316 ἐπὶ
482 1257 529 1329 τὴν
548 1257 730 1336 Μητρόπολιν]
749 1256 879 1337 ἱδρύονται
920 1261 1012 1315 κεῖται·
1027 1258 1085 1317 ἀντί
1099 1263 1144 1316 τοῦ
1160 1258 1197 1338 ἐφ’
1213 1258 1230 1316 ἀ
1244 1266 1445 1340 προςεπσιούντο
1459 1262 1568 1330 ἐξελθεῖν
1582 1266 1627 1325 καί
1642 1266 1699 1345 ἀμα
1714 1290 1739 1329 ιο

100 1352 173 1429 έντῆ
187 1346 449 1428 Μητροπόλει.-α.
466 1347 559 1406 Καίαί
575 1344 621 1423 μέν
635 1348 693 1412 νῆες
709 1343 878 1423 ...]θπερόα·
921 1343 1033 1402 ἀπιέναι.
1054 1379 1094 1390 -
1117 1345 1365 1427 Προκεχωρηκότες]
1391 1347 1481 1430 πόρρω
1500 1352 1640 1429 γεγονότες.
1659 1390 1700 1401 -

99 1436 152 1496 τόν.
167 1441 183 1506 ή
197 1435 247 1516 γδιρ
260 1432 377 1501 σύνταξις
392 1431 526 1491 οὕτωκαὶ
541 1436 567 1490 αἱ
581 1430 628 1508 μὲν
640 1436 699 1502 νῆες
707 1433 737 1489 ἐκ
747 1431 880 1502 θαλάσσης
920 1434 1027 1491 Θᾶσσον
1041 1433 1203 1514 ἀπεχώρουν]
1220 1434 1356 1516 ταχυτέριμ
1372 1435 1461 1517 δρόμῳ
1481 1439 1604 1519 ἐχρῶντο.
1622 1477 1662 1487 -
1677 1463 1698 1502 ν.

99 1522 235 1604 ἐφώρμουν
258 1520 317 1600 περὶ
339 1519 383 1578 τδν
402 1520 481 1602 λόφον
501 1516 547 1585 τθς
567 1517 681 1584 Ὀλπας.
702 1521 716 1576 δ
735 1515 785 1598 γδρ
803 1518 880 1598 λόφος
919 1517 1062 1597 Ὦρμησαν
1081 1521 1126 1578 καί
1141 1520 1224 1593 αὐτοί]
1241 1524 1387 1602 ἀναχωρεῖν
1402 1525 1528 1595 δηλονότι.
1548 1562 1589 1573 -
1607 1531 1699 1588 Κατα.

99 1609 202 1670 ’θλπαι
214 1610 339 1667 ἐκαλεῖτο.
350 1641 391 1651 -
403 1607 453 1688 Βία
467 1606 631 1683 κατείχοντο]
646 1604 702 1662 άντί
718 1610 763 1662 τοῦ
779 1602 879 1662 έκωλύ-
918 1605 1019 1677 λκόεῑν]
1037 1606 1144 1686 φθάσαι.
1160 1642 1201 1653 -
1213 1629 1235 1668 ε.
1253 1610 1306 1669 Καί
1321 1607 1380 1677 τούς
1399 1612 1465 1671 Πελ.
1486 1616 1571 1688 ἐπεδ]
1591 1616 1649 1683 τούς
1670 1641 1698 1678 τε

61 1720 86 1758 15
99 1721 166 1757 σντο.
181 1732 221 1741 -
232 1718 253 1756 σ.
270 1694 381 1772 Αὐτούς]
394 1694 451 1761 τούς
466 1693 689 1769 ἀντιταξαμένους.
704 1727 745 1736 -
759 1691 880 1770 Ἱίσύχα-
921 1694 1142 1766 Πελοποννησίους
1153 1696 1293 1755 ἐπεδίωκον
1306 1696 1391 1778 ὥςπερ
1405 1699 1451 1757 καί
1464 1699 1524 1768 τούς
1536 1702 1699 1784 Ἀμπρακιόι-
1714 1734 1739 1773 ιη

99 1786 152 1863 ζον]
173 1785 302 1864 ἄπρακτοι
321 1774 398 1854 ἤσαν.
413 1816 453 1826 -
472 1781 527 1842 Καὶ
542 1782 628 1857 μεῖζον
642 1779 692 1860 γδιρ
715 1778 878 1858 ἐγένετο...]
919 1803 1018 1848 τας.-
1033 1782 1087 1840 Καί
1108 1806 1179 1850 τινας
1193 1785 1288 1855 αὐτῶν]
1312 1788 1440 1858 ζητεῖται,
1459 1791 1516 1855 πῶς
1535 1779 1571 1855 εἷς
1589 1790 1700 1859 πολλούς

98 1872 143 1931 καὶ
157 1872 277 1953 φοόηθείς
290 1875 304 1928 θ
316 1868 497 1946 Δημοσθένης,
509 1871 611 1945 μήποτε
625 1870 745 1946 κυκλωθῆ
757 1867 786 1925 τδ
798 1866 878 1935 δεξιόν
920 1866 1079 1947 στρατηγούς
1089 1870 1218 1938 ἠκόντισε.
1231 1871 1297 1939 τινὲς
1312 1870 1359 1949 μέν
1372 1866 1416 1931 οὐν
1429 1874 1606 1956 μετέστρεψαν
1618 1877 1699 1953 οὕτω,

99 1959 175 2041 μέρος
192 1964 242 2017 τῶν
258 1958 397 2029 Ἀθηναίων
411 1956 461 2014 ύπδ
474 1963 519 2014 τοῦ
534 1954 666 2032 εὐωνύμου
680 1958 731 2013 τῶν
743 1957 879 2014 Πελοπον-
919 1959 964 2012 καί
976 1978 1042 2022 τινος
1063 1958 1148 2014 αὐτῶν
1165 1961 1216 2015 τῶν
1232 1963 1385 2038 στρατηγῶν
1404 1961 1559 2034 κωλύοντος,
1578 1965 1623 2022 καί
1645 1966 1699 2047 φά-

98 2047 203 2118 νηοίων,
217 2044 333 2125 (καὶγὰρ
347 2048 433 2122 μεῖζον
445 2043 545 2122 ἐγένετο
554 2048 605 2102 τῶν
618 2043 837 2115 Πελοποννησίων
849 2042 879 2101 τδ
919 2064 1023 2109 σκσντος
1037 2045 1171 2103 ἐσπεῖσθαι
1183 2047 1282 2117 αὐτοῖς,
1295 2045 1416 2118 ἤκόντισέ
1428 2054 1516 2129 τις-τῇ
1530 2057 1619 2128 γενικῆ
1631 2052 1700 2112 md,-

57 2154 85 2191 εο
99 2134 229 2211 εὐώνυμον
242 2132 287 2192 καί
301 2132 472 2212 ὐπερέτεινε,)
487 2131 585 2210 λσχίζει
598 2131 711 2211 ἐνέδραν.
726 2165 766 2174 -
782 2130 877 2210 Περιέ-
919 2153 959 2188 σει
973 2136 1018 2189 τοῦ
1035 2130 1155 2202 ἠκόντισε
1174 2132 1379 2211 συνταττομένου
1394 2138 1507 2209 οἰκείως,
1521 2143 1556 2205 ὡς
1571 2118 1617 2197 καί
1634 2143 1696 2222 παρ’
1712 2167 1739 2208 οο

98 2211 337 2301 σχε]περισσδνήν.
350 2218 515 2297 -Λοχίζει]
526 2219 631 2299 ἐνέδραν
645 2218 751 2287 καθίζει.
770 2253 809 2264 —-
826 2224 878 2280 Λο-
920 2216 1032 2298 Ὁμήρῳ
1047 2226 1084 2290 [ll.
1101 2230 1137 2297 N,
1152 2227 1211 2291 οιο]

97 2308 204 2388 γ’μώδη]
230 2308 318 2366 &ww
336 2343 376 2352 -
392 2307 513 2466 Ψιλούς]
522 2305 681 2388 τοξοφόρους’
704 2341 745 2351 -
759 2326 781 2366 δ’
802 2306 879 2367 Ἐπεὶ
981 2359 1029 2405 Τοῦ
1039 2357 1080 2420 μὲν
1091 2358 1161 2407 ἔπειτ’
1172 2358 1279 2415 ἀπιόντος
1291 2359 1419 2409 ἀκόντισεν.

98 2395 125 2454 δί
148 2395 356 2477 παρεσκεύαστο]
379 2394 471 2472 ἕτοιμα
515 2419 528 2451 ν
555 2392 589 2452 τδι
612 2400 657 2452 τοῦ
686 2394 811 2471 πολέμου.
840 2430 879 2440 -

97 2479 199 2567 ᾜεσαν
215 2487 239 2549 ἐς
275 2483 356 2563 εἴρας]
374 2480 583 2551 συνεπλάκησαν.
598 2516 638 2526 -
651 2481 788 2561 Ἐπεῖχον]
802 2481 878 2564 ἐκρά-
919 2478 981 2546 ίσως
991 2477 1019 2536 δὲ
1033 2481 1080 2538 οὐκ
1092 2479 1217 2538 ἀδύνατόν
1226 2484 1306 2559 ἐστιν,
1317 2479 1468 2554 ίνα,πλείω
1478 2482 1584 2541 ἀκόντια
1593 2481 1700 2563 έχοντα,

57 2593 84 2632 τε
98 2593 166 2630 τουν.
181 2605 221 2613 -
237 2506 318 2629 Οὐτσι
330 2569 357 2626 δὲ
375 2571 402 2627 έν
416 2573 454 2649 τῷ
468 2568 593 2649 εὐωνύμῳ
609 2570 721 2647 μᾶλλον]
738 2572 761 2627 οί
773 2573 879 2629 Μαντι-
919 2565 1023 2633 πλείους
1035 2567 1170 2627 ἀκοντίσαι
1181 2572 1233 2626 τῶν
1246 2572 1409 2649 στρατηγῶν.
1425 2570 1533 2628 δυνατὸν
1543 2571 1571 2630 δὲ
1582 2571 1611 2630 τδ
1623 2573 1700 2643 ἤκόν-

98 2657 156 2723 νεῖς.
170 2691 211 2700 -
231 2656 307 2716 Κατὰ
327 2655 502 2735 Μεσσηνίους]
517 2655 595 2731 ἤγουν
610 2655 679 2714 κατὰ
698 2655 729 2715 τδ
743 2654 878 2738 πρόςωπον
919 2654 976 2714 τισί
988 2679 1027 2723 τις
1040 2655 1086 2714 καί
1097 2656 1140 2715 έπί
1154 2654 1269 2727 πλήθους
1280 2656 1474 2734 λαμύάνεσθαι,
1489 2650 1551 2730 οἷον,
1565 2659 1611 2718 καί
1622 2659 1701 2728 ἀλλος
1713 2692 1740 2731 2⁶

97 2746 148 2800 τῶν
164 2741 329 2814 Μεσσηνίων.
919 2742 965 2801 καί
982 2743 1060 2810 ἄλλος
1073 2742 1218 2814 ἠκόντισαν.
1234 2779 1274 2790 --
1292 2743 1347 2804 Καί
1360 2752 1470 2817 τινας...]
1494 2746 1539 2804 καί
1559 2770 1631 2814 τινας
1648 2753 1700 2807 τῶν

137 2833 236 2892 Cvlll.
260 2832 305 2891 Ἐν
317 2828 407 2910 χερσίν
421 2830 473 2902 ἤδη
487 2830 568 2902 ὄντες]
583 2829 784 2900 συνεπλάκησαν
800 2833 880 2890 πολε-
920 2829 990 2889 ἰδίων
1007 2835 1160 2912 στρατηγῶν
1169 2830 1360 2903 κατηκόντισαν
1373 2836 1397 2891 οἱ
1410 2832 1576 2913 Ἀκαρνᾶνες,
1591 2833 1702 2894 κωλύον-

98 2917 462 2999 μούντες.-Περιέσχοντῷ
470 2917 544 2999 κέρα]
553 2916 696 2997 ὑπερέσχον
706 2920 744 2998 τῷ
754 2916 879 3000 εὐωνύμῳ
918 2941 965 2984 τας
984 2918 1030 2976 καί
1054 2917 1200 2998 φάσκοντας
1220 2923 1375 2996 γεγενῆσθαι
1398 2921 1485 2986 αὐτοῖς
1510 2919 1635 2993 σπονδδς,
1655 2920 1701 2979 καί

58 3025 85 3066 ,ιο
99 3001 203 3084 κέρατι,
213 3006 400 3085 περιεγένοντο.
411 3039 450 3050 —·
461 3004 668 3084 Προςπίπτουσι]
681 3013 733 3071 τοῖς
743 3007 878 3065 Πελοπον-
919 3005 1008 3064 ἀδειαν
1018 3007 1124 3076 δοθῆναι
1137 3011 1184 3078 τῆς
1197 3006 1391 3087 ἀναχωρήσεως
1402 3009 1490 3075 αὐτοῖς
1500 3007 1552 3066 ὐπὸ
1563 3007 1700 3085 Δημοσθέ-

97 3092 202 3164 νησίοις.
216 3128 256 3137 -
270 3093 309 3154 Tb
328 3094 385 3152 κατ’
403 3092 563 3173 Εὐρύλοχον]
586 3084 615 3151 οὐ
630 3085 711 3171 ἤρχεν
731 3096 746 3150 θ
761 3092 879 3173 Εὐρύλο-
918 3116 983 3159 νσυς.
996 3095 1043 3152 οὐκ
1054 3083 1110 3150 εἰπε
1123 3092 1238 3165 δὲτινές,
1253 3093 1322 3153 ἀλλδ
1331 3095 1382 3166 τίς,
1391 3093 1548 3172 μιμούμενος
1560 3094 1701 3174 τδνὍμη-
1714 3132 1741 3173 ³0

96 3203 152 3259 χος.
166 3216 207 3225 -
222 3181 393 3261 Ἐφοόοῦντο]
407 3184 442 3247 εἰς
456 3180 538 3261 φυγὴν
554 3178 767 3260 ἐτράπησαν.-
784 3182 839 3240 Καὶ
853 3184 877 3240 οί
920 3203 972 3261 ρον·
995 3185 1113 3249 κάκεῖνος
1134 3180 1185 3261 γδιρ
1206 3181 1318 3248 πολλοὺς
1342 3181 1528 3248 ἀκοντίσαντος
1555 3183 1700 3260 σημαίνων,

96 3268 242 3339 Μεσσήνιοι
250 3269 365 3341 ὄντες...]
374 3269 418 3327 καί
431 3272 454 3326 οἱ
463 3267 622 3340 Μεσσήνιοι,
637 3267 707 3334 ὄντες
720 3266 789 3326 κατὰ
803 3273 879 3326 τοῦτο
919 3268 983 3348 πρὸς
1000 3267 1086 3339 ἑνικὴν
1106 3272 1207 3328 πτῶσιν
1227 3267 1374 3343 συνέταξεν,
1401 3269 1535 3328 ἀκόντισεν
1556 3270 1646 3331 εἰπών.
1661 3307 1702 3317 -

96 3355 127 3413 τθ
139 3350 231 3436 μέρος,
244 3356 274 3415 τδ
287 3355 354 3414 πολύ
368 3362 413 3414 τοῦ
428 3355 504 3437 έργου
523 3354 707 3436 διεπράξαντο,
729 3354 746 3427 ἤ
766 3355 877 3414 ἐπιπολύ
919 3357 1022 3427 Αὐτοῖς]
1035 3360 1088 3423 τοῖς
1101 3355 1329 3429 Πελοποννησίοις.
1345 3390 1386 3402 -
1396 3374 1419 3416 ι.
1433 3355 1519 3436 Ἔρις]
1535 3356 1702 3438 ἀμφιςόήτη-

56 3466 84 3507 σο
97 3452 150 3511 τοῖς
164 3444 286 3512 ἐναντίοις
294 3445 484 3518 ἠκολούθησαν.
495 3480 535 3491 -
546 3443 716 3516 Ἐπεξῆλθον]
729 3443 877 3512 ἐπεξελθόν-
920 3466 968 3509 σις.

95 3555 138 3599 τες
152 3532 273 3613 ἔπραξαν.
284 3553 349 3592 -ε,
358 3533 397 3593 Τδ
411 3533 468 3593 καθ’
483 3530 599 3604 ἰαυτούς]
612 3532 691 3607 ἤγουν
706 3531 736 3590 τὸ
751 3532 814 3611 πρὸς
829 3536 878 3590 αὐ·
959 3533 1045 3592 CXH.
1067 3552 1089 3590 ε.
1100 3531 1164 3593 Ἐπί
1173 3536 1219 3604 τῆς
1229 3530 1344 3604 ε’ςόολῆς]
1355 3530 1399 3590 ἐπὶ
1411 3535 1457 3602 τῆς
1473 3530 1565 3612 ἐφόδου
1576 3534 1622 3602 τῆς
1631 3532 1701 3591 κατὰ
1714 3566 1741 3608 ³⁶

95 3618 154 3685 τούς
167 3624 234 3699 δρῶν
246 3619 404 3700 στράτευμα.
420 3651 455 3661 -
464 3641 484 3680 ο.
497 3620 759 3701 Ἐπαναχωρσύντες]
774 3622 798 3678 σί
812 3619 878 3696 Ἀμ-
918 3623 970 3677 τῶν
980 3619 1111 3679 ἐναντίων.
1124 3651 1159 3661 -
1171 3639 1193 3680 ι.
1205 3619 1355 3692 Ἐπίτηδες]
1369 3616 1544 3696 ἐσκεμμένως.
1558 3654 1599 3664 -
1612 3620 1702 3701 Πρσύ-

96 3712 255 3788 πρακιῶται.
277 3744 317 3753 -
335 3708 375 3768 Tb
393 3706 482 3780 πλέον]
502 3714 548 3767 τοῦ
570 3707 766 3787 στρατεύματος
784 3710 877 3766 αὐτῶν.
918 3705 990 3778 ταξε]
1002 3707 1207 3787 προπορεύεσθαι
1222 3706 1349 3779 δηλονότι.
1364 3727 1436 3767 -7,
1448 3705 1612 3788 Ἐτράποντό
1624 3716 1700 3781 τινες]

95 3829 136 3838 -
151 3795 329 3875 Προςέκειντο]
355 3796 412 3853 ἀντὶ
426 3801 472 3854 τοῦ
487 3794 628 3857 ἐπέκειντο.
644 3831 685 3841 --
703 3798 806 3867 Αὐτῶν]
826 3798 878 3854 τῶν
919 3794 1021 3876 φεύγειν
1036 3796 1164 3866 δηλονότι.
1179 3832 1218 3841 -
1231 3795 1303 3872 Ἅμα
1318 3802 1363 3854 τοῦ
1378 3793 1454 3877 ἔργον
1469 3800 1501 3876 τῇ
1515 3794 1648 3877 ξυντυχίᾳ]
1663 3801 1701 3878 τῷ

55 3902 84 3941 ιο
98 3881 878 3963 Ἀμπρακιωτῶν.-Προςπίπτσντες]τσῖςἐναντίοιςδηλον·
919 3881 1096 3959 ξυμόεόηκότι
1112 3888 1158 3954 τῆς
1181 3881 1336 3963 δυςχερείας.
1359 3880 1428 3941 κατδι
1447 3880 1532 3961 τύχην
1556 3889 1702 3954 τηνικαῦτα

96 3968 145 4028 ότι.
164 4004 204 4013 -
220 3970 267 4036 Ἐς
280 3970 337 4050 ὀψε]
359 3971 438 4044 ἤγουν
457 3972 578 4051 ἑσπέρας.
604 3969 752 4048 σημείωααι
771 3970 814 4029 ἐπί
832 3975 879 4041 τῆς
919 3971 996 4037 ἡνίκα
1011 3974 1135 4041 ήττῶντο.
1150 4005 1190 4015 -·
1204 3967 1586 4050 Προςένευσαν]προςέπαυσαν
1602 3968 1702 4050 (προςέ-
1715 4002 1741 4041 ⁴⁰

97 4055 209 4136 ἑσπέρας
223 4062 267 4114 νῦν
279 4057 356 4133 μόνον
370 4058 400 4116 τὸ
414 4058 469 4137 ὀψέ.
918 4061 1071 4136 πλευσανί).
1084 4094 1124 4105 —
1138 4080 1160 4118 ε.
1176 4059 1222 4125 Ἐς
1236 4057 1263 4118 Ἀ
1283 4065 1335 4137 γος]
1351 4057 1381 4115 τδ
1395 4054 1591 4137 Ἀμφιλοχικόν.

137 4145 209 4203 clx.
231 4144 414 4225 Παρειληφώς]
429 4144 575 4223 δεξάμενος.
586 4142 669 4206 -Ἣ
679 4145 724 4204 καὶ
733 4147 877 4225 ἀναχωρῶν
963 4147 1066 4207 cxlll.
1088 4147 1142 4206 Καὶ
1157 4148 1243 4212 αὐτοῖς
1264 4147 1326 4214 ηλθε
1344 4142 1467 4224 κῆρυξ...]
1489 4142 1652 4221 ἐσχημάτισε
1672 4140 1702 4200 τδ

96 4231 297 4303 διασωθήσεται]
312 4233 364 4290 ἀπδ
374 4238 458 4290 κοινοῦ
472 4233 502 4290 τό
515 4235 679 4312 ἀπορῶν.-
693 4233 787 4313 Λόγον]
799 4235 878 4313 ἤγουν
919 4234 1068 4306 αἰτήσοντες
1085 4234 1149 4316 πρὸς
1169 4233 1199 4292 τδ
1215 4225 1279 4305 ἤλθε
1299 4231 1389 4311 κήρυξ.
1409 4230 1518 4306 δυνάμει
1539 4228 1567 4288 δέ
1586 4228 1700 4288 τοιοῦτόν

53 4336 82 4383 ⁴5
96 4319 215 4377 ίκετικόν.
225 4335 265 4364 -ὲ-
276 4341 297 4378 ε.
313 4322 370 4380 Οὐκ
380 4320 543 4392 ἐσπείσαντο]
552 4323 599 4379 οὐκ
609 4320 700 4380 ἔδοσαν
710 4321 799 4380 ἄδειαν
812 4322 878 4399 μετδι
919 4325 998 4380 ἔστιν·
1011 4325 1034 4379 οἰ
1049 4323 1084 4388 εἰς
1099 4318 1232 4398 Ἀγραίους
1246 4316 1438 4399 καταφυγόντες
1452 4317 1554 4395 κήρυκα
1570 4315 1700 4398 ἔπεμψαν,

97 4408 270 4467 σπονδῶν.-
279 4409 417 4479 Ψιλῶσαι]
429 4407 651 4489 μονῶσαι,φιλσύς
664 4412 715 4467 τῶν
728 4410 878 4491 συμμάχων
920 4407 1068 4478 αἰτήσοντες
1083 4407 1214 4485 ἀναίρεσιν
1228 4411 1336 4487 νεκρῶν,
1351 4405 1394 4472 σθς
1406 4403 1560 4462 ἀπέκτειναν
1573 4403 1700 4484 Ἀκαρνᾶ-
1713 4436 1739 4476 ⁴5

96 4499 214 4566 ποιῆσαι.
240 4498 257 4572 §
282 4499 427 4572 γυμνῶσαι.
451 4531 492 4540 -
517 4497 615 4556 Δακεδ.
635 4496 680 4555 καὶ
710 4499 878 4570 Πελοποννη-
919 4519 958 4562 νες
975 4493 1080 4575 ὕστερον
1093 4497 1139 4564 τῆς
1150 4493 1256 4572 πρώτης
1272 4492 1369 4573 μάχης.
1384 4490 1476 4572 πρώτη
1492 4488 1539 4565 μέν
1553 4488 1604 4571 γάρ
1624 4490 1700 4570 μάχη

97 4581 210 4654 σίους...]
228 4582 350 4641 ἐόούλετο
364 4582 498 4641 διαόαλεῖν
515 4581 575 4650 τούς
591 4583 814 4661 Λακεδαιμονίους
832 4586 877 4644 καί
919 4581 1019 4659 ἐγένετο
1033 4581 1097 4661 πρὸς
1111 4581 1154 4639 τὸν
1168 4582 1316 4661 Εὐρύλοχον
1331 4581 1375 4639 καί
1386 4579 1445 4645 τούς
1457 4577 1700 4650 Πελοποννησίους,

97 4669 323 4741 Πελοποννησίους
339 4678 391 4736 τοῖς
404 4669 618 4751 Ἀμπρακιώταις
637 4675 672 4737 ὡς
685 4670 814 4750 προδότας
833 4671 878 4730 καὶ
920 4669 1025 4749 δευτέρα
1036 4667 1063 4727 δέ
1074 4674 1091 4740 ἡ
1102 4672 1128 4728 έν
1140 4672 1173 4748 τῇ
1183 4674 1251 4750 φυγῇ
1261 4667 1325 4749 πρὸς
1332 4668 1391 4734 τούς
1400 4666 1699 4747 Ἄμπρακιόιτας,τρίτη

54 4782 84 4818 w
97 4754 128 4812 τθ
156 4759 254 4815 έαυτῶν
283 4756 413 4838 συμφέρον
435 4757 659 4839 προτιμήσαντας.
687 4793 727 4804 -
750 4758 795 4826 Ἐς
820 4757 878 4825 τούς
919 4755 977 4828 δδή
994 4756 1058 4837 πρός
1071 4755 1130 4823 τούς
1143 4759 1169 4815 έν
1185 4747 1398 4835 Ἰδομένη.θούν
1413 4752 1554 4835 κῆρυξτῆν
1568 4752 1700 4833 ἀναίρεσιν

98 4842 195 4921 ἐκείνῃ]
214 4845 293 4921 ἤγουν
314 4847 340 4903 έν
365 4846 449 4924 ἐκείνη
470 4850 502 4925 τῇ
526 4850 570 4925 γῇ.
590 4878 625 4887 -
651 4844 877 4927 Καταπροδόντες]
917 4847 1005 4922 ᾐτεῖτο
1016 4848 1067 4902 τῶν
1086 4847 1111 4903 έν
1125 4844 1231 4925 δευτέρᾳ
1244 4844 1318 4923 μάχη
1330 4842 1499 4914 τεθνηκότοιν,
1512 4842 1559 4899 οὐκ
1573 4840 1646 4905 εἰδὼς
1660 4839 1699 4898 ότι
1714 4863 1739 4903 το

97 4927 156 4997 τούς
170 4928 304 5002 Ἕλληνας
314 4932 442 5004 δηλονότι.
453 4968 493 4979 --
503 4933 733 5014 Προύργιαίτερον]
748 4932 877 5014 προτιμό-
918 4931 993 5013 τρίτη
1007 4932 1096 5011 γέγονε
1111 4931 1201 5011 μάχη,
1216 4936 1242 4991 ἰν
1254 4925 1273 5011 ᾔ
1286 4931 1379 4990 πολλοί
1388 4928 1533 4988 ἀπώλοντο.
1545 4962 1586 4973 -
1596 4947 1619 4987 ν.
1631 4927 1700 4986 Ἀλλ’

97 5040 172 5097 τερον
181 5054 221 5064 -
231 5040 251 5079 ε.
263 5019 366 5100 Ὦςπερ
381 5024 508 5100 ὑπῆρχεν]
522 5025 557 5088 ὡς
567 5013 599 5094 ἤν
615 5022 701 5088 αὐτοῖς
712 5019 828 5079 δυνατόν.
844 5023 878 5087 ῶς
919 5020 984 5102 ᾤετο
998 5023 1049 5077 τῶν
1065 5017 1132 5096 μετθι
1148 5023 1219 5100 σφῶν
1234 5011 1310 5091 εἰναι]
1326 5021 1385 5077 ἀλλ’
1399 5017 1465 5100 ᾤετο
1480 5018 1531 5072 τῶν
1547 5013 1614 5091 μετδ
1627 5017 1699 5095 σφῶν

102 5105 132 5160 ἐκ
146 5105 343 5187 τῶνπσρόντων
358 5108 465 5166 δυνατὸν
474 5100 514 5181 ἤν.
529 5143 569 5154 -
582 5109 637 5170 Καί
650 5107 697 5180 τήν
710 5107 878 5189 ἀποχώρησιν
921 5109 948 5165 ἐν
963 5110 995 5186 τῆ
1010 5104 1115 5186 δευτέραΙ
1132 5105 1206 5186 μάχῃ
1221 5129 1276 5169 πεπ
1500 5100 1522 5148 ’θ
1537 5101 1615 5160 θπλα.
1628 5133 1660 5141 -
1675 5120 1697 5159 ³.
