3676 5828
693 323 865 386 SCHOLIA.
887 326 943 396 ΙΙΙ.
964 336 1014 389 οι.
1629 339 1665 392 or

72 453 105 516 δι’
122 456 206 514 αὐτῶν
217 452 337 534 βλάψωσι
352 453 589 529 Λακεδαιμονίους,
603 456 655 513 τῶν
673 453 701 513 δέ
716 455 848 516 Λακεδαι-
889 455 1001 537 ξυνετόν]
1016 455 1061 514 καί
1074 455 1104 514 τό
1116 454 1182 531 μετά
1197 455 1322 523 συνέσεως
1337 454 1457 537 ἐρχεσθαι
1471 460 1507 525 εἰς
1516 469 1567 517 πᾶν
1581 459 1666 542 ἔργον.

71 542 167 621 μονίων
181 541 275 620 δμοίως
288 541 339 608 τοῖς
350 541 524 621 ὀλιγαρχικοῖς
537 539 580 599 διά
595 539 625 600 τὸ
638 541 713 602 αὖτό.
729 577 769 588 --
780 541 849 621 Σφί-
888 579 928 587 -
943 543 1131 621 Ἐμπλήκτως]
1147 544 1289 619 μανιωδῶς.
1305 579 1344 587 -
1359 543 1470 623 Ἄνδρός]
1482 551 1528 618 τῆς
1541 548 1667 629 ἀνδρείας.

70 653 111 688 σιν
125 630 228 708 αὐτοῖς]
243 629 322 707 ἤγουν
347 631 455 688 ἑαυτῶν.
478 662 518 673 -
538 627 725 707 Προςποιήσει]
757 629 849 698 κτήσει
888 631 1078 712 -Ἀσφάλεια
1090 629 1117 690 δὲ
1131 629 1160 688 τό
1172 630 1418 711 ε’πιὺουλεόσασθαι]
1437 632 1467 691 τὸ
1479 635 1590 694 ἐπιπολὺ
1607 640 1668 715 βου-

71 713 848 797 βοηθείας.ςπορίσει.-ε.Ἐπέπεσε]συνέ6η.-Πολλά]
889 716 1031 776 λεὺσασθαι
1047 718 1080 776 δι’
1094 717 1238 799 ἀσφάλειαν
1264 718 1393 800 πρόφασις
1411 721 1560 802 ἀποτροπῆς
1582 727 1668 797 ἐνομί-

44 823 57 861 ό
70 801 141 861 κακά
150 801 278 873 δηλονότι.
286 801 387 862 -Kal
395 801 513 881 χαλεπά]
525 800 603 880 ἤγουν
614 803 643 861 οὐ
656 801 732 884 ῥᾴδια
738 803 849 879 ἐνεγκεῖν
890 807 954 872 ζετο.
966 840 1005 849 -
1015 826 1036 863 ο.
1047 808 1136 885 Αὐτῷ]
1148 809 1185 886 τῷ
1197 805 1390 884 χαλεπαίνοντι.
1406 842 1445 851 -
1460 808 1513 869 Καί
1524 811 1669 882 ὑπονοήσας
1684 840 1696 878 ο

70 888 129 955 τοῦς
139 890 346 970 πάσχοντας-
359 887 436 948 Κατά
450 889 554 969 στάσιν]
570 890 628 949 ἀντί
639 896 683 949 τοῦ
693 890 735 949 διά
750 890 849 950 στάσιν.
890 891 927 950 ἐτι
942 893 1092 974 δεινότερος]
1106 893 1176 953 καίὺ
1196 893 1340 964 ὑπονοήσας
1353 893 1563 956 ἐπιόουλεὺεσθαι
1582 901 1671 971 δηλον-

70 1012 110 1023 -
125 978 270 1056 Γιγνόμενα
284 976 343 1056 μίν]
359 981 439 1056 ώςτῇ
456 974 530 1058 φάσει
545 978 671 1055 ἑπόμενα.
685 978 771 1038 -Ἥ
784 976 849 1048 αὐτή
890 977 928 1037 ὀτι
951 978 1117 1061 ξυνετώτερος
1141 980 1279 1057 ἐνομίζετο.
1296 1015 1336 1026 -
1356 981 1559 1062 Προὺουλεύσας
1578 986 1606 1046 δέ
1628 997 1668 1061 ...]

70 1063 161 1144 φάσις]
176 1064 256 1143 ἤγουν
271 1063 335 1123 καθδ
352 1064 460 1143 τρεπτή.
472 1099 512 1110 -
523 1068 632 1126 Μᾶλλον
649 1065 693 1145 δέ]
709 1067 808 1143 μᾶλλον
823 1063 850 1123 δὲ
890 1065 940 1124 ὀδὲ
950 1072 1118 1144 προσκοπῶν,
1129 1067 1247 1140 δηλονότι
1259 1068 1328 1134 ὅπως
1342 1068 1408 1145 μήτε
1420 1070 1595 1132 ἐπιῦουλεὺιιν
1608 1075 1669 1151 μήτ’

70 1153 116 1211 καλ
129 1145 216 1224 ήττον.
232 1143 284 1211 οἷον
298 1153 391 1228 εἰπεῖν,
405 1154 433 1210 ἐν
447 1152 514 1233 άλλη
527 1152 602 1211 πόλει
616 1155 725 1231 μᾶλλον,
739 1156 767 1212 ἐν
781 1151 848 1231 άλλη
890 1152 1101 1213 ἐπιόουλεὺεσθαι
1121 1154 1220 1233 ἀνάγκη
1232 1178 1270 1221 τις
1281 1157 1353 1235 αὐτῷ
1364 1154 1483 1234 γένηται,
1499 1159 1612 1218 διαλύειν
1622 1161 1670 1233 τήν

33 1249 57 1288 ¹⁰
71 1238 97 1298 δέ
109 1231 307 1316 ήττον,ήτοιπῆ
320 1237 367 1316 μέν
377 1238 547 1312 πλέον,πῆδὲ
561 1239 677 1312 έλαττον,
685 1245 720 1308 ὡς
729 1239 850 1298 συνέόαι-
890 1239 1005 1320 ἑταιρίαν
1038 1241 1213 1302 ὑπωπτεύετο.
1244 1276 1284 1285 -
1313 1241 1551 1322 Ἐκπεπληγμένος]
1574 1248 1669 1327 φοόοὺ-
1685 1274 1709 1314 ιο

69 1351 121 1385 νειν
137 1331 295 1406 ἑκασταχοῦ.
311 1361 351 1371 --
364 1327 418 1387 Καὶ
432 1327 605 1407 ήσυχαίτερα]
619 1328 696 1406 ἤγουν
709 1327 796 1408 ἠρέμα
806 1326 851 1386 καί
891 1351 974 1403 μενος.
987 1367 1018 1378 -
1034 1328 1134 1395 Ἁπλῶς
1148 1327 1193 1407 δέ]
1212 1331 1353 1395 καθολικῶς
1367 1329 1455 1410 φάναι.
1471 1331 1555 1393 -Ὁ
1569 1335 1670 1414 φθάσας

69 1415 128 1473 κατ’
152 1414 237 1493 ὀλίγον
258 1416 431 1494 ἐπερχόμενα.
446 1450 486 1459 -
499 1417 561 1481 Τοῖς
574 1415 667 1493 εἴδεσι]
683 1415 795 1496 τρόποις.
811 1450 850 1459 -
890 1413 934 1472 τόν
949 1415 1079 1491 μελλοντα
1095 1416 1137 1494 ...]
1148 1417 1206 1473 ἀντὶ
1217 1419 1302 1488 τοῦ,ό
1315 1416 1376 1495 πρὶν
1387 1422 1477 1476 παθεῖν
1489 1419 1540 1477 ὑπὸ
1555 1424 1606 1480 τῶν
1617 1445 1669 1482 πο·

70 1501 119 1569 Ὦς
133 1500 165 1560 ἀν
177 1501 285 1560 ἕκασται
297 1506 324 1560 αἱ
335 1501 519 1581 μεταόολαί...]
535 1505 569 1569 ὡς
584 1502 614 1562 ἀν
630 1507 657 1561 αἱ
671 1503 750 1582 τύχαι
762 1503 807 1561 καλ
823 1504 850 1560 αἱ
890 1501 987 1577 λεμίων
1004 1502 1081 1568 αὑτός
1091 1501 1241 1584 προλαόὼν,
1256 1503 1301 1559 καὶ
1311 1502 1423 1573 ποιήσας
1441 1502 1500 1572 τοῦς
1517 1507 1669 1585 πολεμίους,

70 1588 216 1666 μεταὺολαί
233 1587 359 1648 πίπτωσι.
374 1624 414 1633 -
428 1589 482 1649 Καὶ
503 1593 526 1647 οί
550 1591 650 1649 ἰδιῶται
664 1588 784 1666 ἀμείνους
803 1588 851 1655 τάς
890 1588 1056 1666 ἐθαυμάζετο.
1067 1587 1084 1660 ή
1094 1585 1208 1661 οὑτως,ὑ
1221 1587 1267 1659 τήν
1282 1593 1374 1648 ἑαυτοῦ
1384 1590 1499 1671 ἑταιρίαν
1510 1592 1556 1651 καί
1567 1598 1669 1674 πρῶτος

29 1691 55 1731 ιε
68 1674 174 1753 γνώμας
197 1674 313 1754 ἐχουσιν]
332 1679 356 1735 οί
375 1677 514 1744 ἰδιάζοντες
537 1675 673 1753 ἀνειμένας
687 1675 776 1756 έχουσι
804 1675 851 1745 τάς
890 1675 935 1735 τὸν
948 1676 1072 1753 πολέμιον
1087 1673 1183 1756 δράσας
1196 1680 1284 1743 κακῶς
1296 1680 1423 1755 ἐπῃνεῖτο.
1440 1715 1472 1726 -
1486 1680 1540 1738 Καὶ
1554 1685 1568 1740 ὑ
1581 1683 1668 1741 ἐπικε·
1685 1705 1709 1744 ιε

68 1761 182 1839 γνώμας.
196 1796 236 1807 -
249 1761 300 1823 Διά
313 1762 343 1821 τό
353 1761 390 1839 μή
407 1765 448 1841 ...]
462 1762 584 1843 έκφφασις
595 1762 711 1829 στάσεως
724 1768 770 1835 τῆς
782 1767 850 1845 Κερ-
890 1763 986 1831 λεόσας
1003 1764 1047 1822 τδν
1060 1763 1097 1841 μή
1112 1761 1302 1838 διανοούμενον]
1318 1768 1332 1823 ὑ
1345 1767 1606 1845 παρακελευσάμενος
1617 1771 1671 1838 τοῖς

69 1849 191 1930 κυραίων.
210 1885 248 1896 -
260 1849 310 1911 Διά
327 1850 356 1908 τὸ
373 1849 410 1927 μή
423 1853 449 1917 ἐς
464 1854 553 1910 ὀκουσ.
568 1850 661 1929 ἀνάγκ.
673 1851 716 1929 π.]
730 1850 850 1910 ἀκούσιον
892 1850 928 1927 μή
942 1851 1130 1928 διανοουμένοις
1144 1850 1224 1910 κακόν
1237 1875 1263 1909 τι
1271 1853 1365 1932 δρᾶσαι
1381 1855 1508 1932 ἐπῃνεῖτο.
1523 1859 1540 1933 §
1557 1859 1671 1938 ὑπαρα-

69 1937 186 2015 άνάγκην
203 1938 251 2010 τήν
270 1938 301 1996 δι’
316 1937 425 2019 ἀπορίαν
443 1937 597 2017 γιγνομένην
615 1937 694 2015 λέγει.
709 1937 788 2016 ἤγουν
807 1936 850 1996 διά
891 1939 1013 2010 κινήσας,
1032 1937 1130 2019 φθάσαι
1149 1937 1277 2010 δηλονότι,
1289 1939 1333 1996 τὸν
1345 1937 1382 2016 μή
1404 1939 1593 2019 διανοούμενον.
1605 1967 1669 2006 -ο,

67 2025 98 2084 τό
112 2025 149 2102 μή
165 2025 354 2104 ἀναγκάζεσθαι
372 2026 536 2106 περιπίπτειν
556 2025 685 2092 άκουσίοις
702 2026 849 2104 πράγμασι.
894 2026 946 2086 Καὶ
959 2026 1064 2103 μήνκαὶ
1076 2025 1106 2084 τὸ
1120 2024 1237 2104 ξυγγενὲς
1252 2031 1296 2084 τοῦ
1311 2029 1441 2107 ἑταιρικοῦ
1450 2030 1489 2107 ..]
1502 2030 1547 2088 καί
1560 2030 1612 2107 μήν
1624 2033 1669 2092 καί

25 2125 55 2165 αθ
68 2147 109 2159 ·-
128 2117 185 2174 Τοῦ
208 2112 265 2172 καθ’
296 2113 409 2193 ἡμέραν]
431 2113 487 2192 βίου
513 2112 641 2184 δηλονότι.
665 2146 705 2157 -
727 2112 798 2193 Πρός
816 2111 851 2172 τά
891 2117 914 2171 οί
931 2113 1072 2192 ξυγγενεῖς,
1090 2112 1170 2192 φησί,
1188 2115 1240 2170 τῶν
1260 2111 1340 2193 φίλων
1362 2113 1560 2195 ἀλλατριώτεροι
1580 2119 1668 2196 ἐνομί-
1683 2140 1710 2180 το

68 2200 197 2282 παρόντα]
218 2200 282 2280 πρὸς
302 2198 350 2271 τήν
369 2205 503 2279 παροῦσαν
526 2198 696 2260 κατάστασιν.
722 2237 756 2247 -
780 2199 851 2281 Πρός
891 2204 980 2273 ζοντα,
996 2198 1038 2258 διά
1047 2198 1250 2279 τὸ’ἑτοιμότερον
1260 2204 1360 2282 τολμᾷν
1374 2199 1439 2281 ὑπὲρ
1451 2204 1501 2259 τῶν
1516 2203 1596 2283 φίλων
1610 2206 1669 2274 τοῦς

67 2287 102 2348 τά
132 2287 282 2369 παρόντα...
310 2288 407 2366 ὁμοιοῖ]
437 2288 489 2353 τοῖς
511 2292 638 2368 παροῦσιν
664 2286 779 2363 ἐξομοιοῖ
805 2286 851 2355 τάς
891 2287 979 2368 φίλους
992 2285 1010 2358 ἤ
1023 2285 1081 2353 τοὺς
1093 2289 1323 2365 συγγενεῖς-Οὐ
1336 2285 1387 2368 γάρ
1401 2285 1531 2364 μετὰτῶν
1543 2291 1669 2370 κειμένων

67 2376 182 2456 γνώμας.
216 2381 261 2435 νῦν
300 2374 352 2455 γάρ
384 2372 463 2455 ὀργάς
487 2372 533 2441 τάς
565 2373 671 2452 γνώμας
712 2374 757 2433 καί
793 2374 852 2443 τοῦς
891 2372 1029 2452 νόμων...]
1043 2377 1072 2434 οὗ
1093 2372 1143 2454 γάρ
1157 2372 1225 2433 κατά
1245 2373 1303 2441 τοῦς
1315 2374 1460 2452 κειμένους,
1478 2376 1556 2456 φησὶ,
1576 2379 1670 2458 νόμους

67 2464 179 2546 τρόπους
215 2464 347 2523 ἐκάλεσεν.
374 2497 414 2508 --
437 2482 460 2522 ο.
496 2461 655 2531 Ἐστασίαζέ
682 2485 710 2521 τι
742 2454 786 2522 οῦν
817 2462 851 2521 τά
891 2463 1047 2542 ὠφελεῖσθαι
1058 2460 1244 2534 θελοντες,τάς
1255 2460 1376 2529 τοιαύτας
1388 2465 1521 2524 ἐποιοῦντο
1533 2467 1670 2537 συστάσεις

25 2575 54 2614 τε
68 2555 119 2610 τῶν
133 2552 276 2630 πόλεων...]
292 2549 445 2619 ἐστασίαζον
462 2552 489 2608 αἱ
509 2549 612 2621 πόλεις,
636 2549 681 2608 καί
696 2552 724 2608 αί
744 2548 850 2631 ὑστερον
891 2550 937 2609 καλ
950 2548 1078 2629 ἑταιρίας,
1097 2547 1166 2607 ἀλλά
1179 2547 1323 2630 παράτοῦς
1338 2549 1503 2631 ὑπάρχοντας
1519 2552 1612 2628 νόμους
1626 2555 1669 2614 διά
1683 2585 1709 2625 νο
1746 2561 1751 2571 ’

67 2644 119 2700 τῶν
152 2639 238 2698 ἄλλων
263 2638 464 2710 στασιάζουσαι,
489 2628 531 2697 οἷα
559 2637 776 2718 προπεπυσμέναι
805 2637 851 2706 τὰς
891 2635 1049 2706 πλεονεξίαν.
1063 2671 1095 2681 -
1109 2635 1190 2717 Παρά
1203 2634 1261 2702 τοῦς
1272 2641 1447 2710 καθεστῶτας]
1461 2639 1554 2716 νόμους
1565 2642 1672 2714 δηλονό-

68 2726 172 2807 ἑτέρωθι
200 2726 316 2799 στάσεις,
342 2726 386 2785 ἐπί
411 2730 488 2785 τοῦτο
518 2724 638 2806 ἐφέροντο
669 2725 714 2784 καί
743 2725 851 2808 ἐρρεπον
890 2749 965 2784 τι.-
980 2722 1034 2785 Καὶ
1045 2721 1123 2790 τάςές
1134 2721 1461 2803 σφᾶςαῦτοὺςπίστεις...]
1474 2727 1572 2801 πιστοὶ,
1583 2729 1671 2810 φησίν,

67 2816 124 2883 ταῖς
151 2815 291 2892 διανοίαις,
320 2812 383 2881 ώςτε
403 2815 473 2874 κατά
494 2812 561 2873 πολὺ
586 2812 782 2895 ὑπερόαλέσθαι
804 2813 852 2882 τάς
891 2805 959 2885 ήσαν
978 2811 1112 2883 ἀλλήλοις,
1130 2812 1180 2889 οὐχ
1196 2809 1287 2891 ὅρκους
1305 2811 1428 2884 διδόντες,
1447 2813 1516 2871 ἀλλά
1538 2819 1628 2884 κοινῶς
1646 2841 1671 2876 τι

67 2904 186 2982 ἀλλαχοῦ
211 2901 314 2970 στάσεις
331 2901 476 2980 γινομένας.
486 2937 526 2947 -
541 2900 595 2962 Καὶ
609 2899 642 2960 τά
653 2901 851 2983 ἐφυστερίζοντά
891 2900 1044 2980 παράνομον
1065 2897 1217 2979 πράξαντες.
1231 2937 1262 2948 -
1278 2901 1326 2979 Τῷ
1343 2904 1416 2978 κοινῇ
1435 2923 1460 2958 τι
1472 2907 1670 2982 παρανομῆσαι]

25 3018 55 3057 ao
67 2993 131 3071 που]
145 2991 179 3050 τά
197 2990 303 3073 ὑστερον
320 2991 454 3070 γινόμενα.
469 3026 510 3036 -
520 2991 693 3068 Καινοῦσθαι]
708 2990 850 3069 καινοτόμα
891 3012 924 3065 τη
936 2990 1009 3066 κοινῇ
1024 2987 1187 3066 παρανομίᾳ.
1199 3024 1231 3036 -
1240 3006 1261 3046 7.
1272 2987 1315 3046 Τά
1329 3009 1358 3044 τε
1372 2986 1424 3045 ἀπὸ
1433 2991 1484 3045 τῶν
1494 2989 1617 3047 ἐναντίων
1630 2998 1670 3064 ...]
1685 3016 1712 3058 οο

67 3070 143 3141 εῖναι.
157 3115 197 3126 -
213 3081 274 3139 Τῶν
297 3102 326 3138 τε
348 3077 578 3159 ἐπιχειρήσεων...]
597 3078 650 3145 τοῖς
671 3077 775 3159 τρόποις
799 3084 851 3138 τῶν
891 3076 943 3141 τοῖς
969 3076 1063 3154 ὀρθῶς,
1088 3072 1176 3153 φηαίνν
1202 3071 1252 3130 ὑπὸ
1272 3076 1323 3130 τῶν
1346 3072 1372 3141 ἐξ
1392 3074 1509 3141 ἐναντνάς
1525 3076 1672 3156 ὀαγαμένανς

67 3166 254 3248 ἐπιχειρήσεων
273 3169 370 3233 καινοῖς
394 3164 586 3246 εὑρισκομένοις
603 3164 648 3223 καί
666 3168 699 3245 τῇ
724 3165 851 3238 δεινότητι
891 3159 1022 3221 ἐπείθοντο
1035 3163 1065 3218 οὐ
1079 3159 1113 3217 δι’
1127 3156 1335 3236 εὐγνωμοσύνην,
1349 3160 1448 3220 Mt!
1459 3160 1526 3244 ἔργῳ
1540 3164 1672 3245 αρτίααανς

66 3257 119 3312 τῶν
144 3258 286 3335 τιμωριῶν.
310 3289 351 3299 -
366 3252 572 3334 Περιτεχνήσει]
602 3251 809 3333 τῇκακουργίιρ.
834 3256 851 3330 §
890 3240 959 3321 ήσαν
974 3247 1047 3307 αὑτοὶ
1058 3250 1109 3305 τῶν
1121 3245 1252 3318 ἐναντίων,
1266 3246 1312 3306 καί
1325 3250 1352 3306 ἐν
1362 3251 1400 3328 τῷ
1416 3251 1528 3329 ἀσφαλεῖ
1541 3252 1672 3324 καθεστή-

66 3341 194 3423 περινοίᾳ.
208 3377 248 3387 -
263 3341 383 3423 Ἀτοπίηι]
399 3346 437 3421 τῷ
451 3341 533 3412 ἀήθει.
548 3374 588 3386 -
608 3359 631 3400 ε.
654 3338 711 3410 Τήν
731 3343 850 3399 εἰωθυῖαν
891 3360 981 3397 κεσαν.
996 3375 1027 3386 -
1041 3334 1219 3413 Γενναιότητι]
1236 3335 1293 3393 ἀντί
1305 3341 1350 3394 τοῦ
1360 3337 1520 3416 χρηστότητι
1533 3340 1578 3397 καί
1588 3340 1672 3399 άπλό·

24 3454 53 3494 σε
67 3428 172 3497 ἀξίωσιν
189 3476 196 3490 .
210 3475 216 3487 .
231 3429 243 3508 ]
258 3429 306 3500 τήν
324 3428 456 3506 κειμένην,
470 3428 548 3510 φησί,
563 3431 615 3486 τῶν
629 3426 765 3505 ὀνομάτων
779 3432 850 3509 χρῆ-
890 3448 959 3496 τητι.
971 3459 1011 3468 -
1023 3422 1090 3502 Περί
1114 3422 1230 3484 πλείονος
1251 3423 1292 3500 ..]
1317 3423 1375 3504 περὶ
1400 3423 1518 3493 πλείονος
1538 3429 1671 3486 ἐποιοῦντο
1685 3451 1711 3490 το

67 3540 107 3575 σιν
131 3516 302 3588 ἀντήλλαξαν.
322 3518 367 3576 καί
392 3516 508 3598 ἐπιφέρει
530 3514 603 3582 εὐθὺς
623 3515 793 3576 καθέκαστον.
811 3552 851 3562 -
891 3512 987 3593 δρᾶσαί
1004 3535 1029 3569 τι
1043 3510 1124 3569 κακδν
1144 3509 1204 3576 τοὺς
1218 3509 1364 3583 ἐναντίους,
1378 3509 1396 3581 ἢ
1410 3510 1504 3579 αὐτοῦς
1521 3512 1558 3591 μή
1571 3519 1672 3574 παθεῖν.

65 3603 123 3676 Τήν
137 3606 256 3664 εἰωθυῖαν
267 3604 372 3673 ἀξίωσιν
391 3606 440 3682 ..]
457 3603 562 3672 ἀξίωσιν
576 3601 623 3679 μὲν
646 3602 693 3674 τήν
715 3602 851 3681 σημασίαν
891 3599 949 3658 ἀντί
963 3602 1014 3658 τῶν
1027 3599 1118 3656 ἁπλῶν
1131 3595 1183 3676 γάρ
1197 3595 1228 3656 τδ
1244 3599 1500 3680 ἀντιτιμωρήσασθαι
1511 3600 1595 3660 καὶτὸ
1609 3625 1671 3683 προ

66 3683 130 3750 εῖπε·
146 3694 368 3773 (περιφραστικῶς
388 3690 446 3750 ἀντὶ
469 3696 513 3749 τοῦ
529 3692 610 3750 εἰπεῖν
630 3690 664 3750 τὰ
678 3689 795 3768 ὀνόματα
810 3691 850 3751 εί·
891 3688 992 3747 παθεῖν.
1013 3720 1053 3732 -
1067 3684 1120 3745 Καὶ
1138 3683 1210 3765 ὀρκοι
1226 3684 1252 3743 εί
1276 3707 1328 3744 που
1351 3685 1403 3767 ἀρα
1425 3684 1604 3768 γένοιντο...]
1627 3689 1673 3749 καί
1704 3687 1707 3696 ’

67 3802 131 3859 ρηκε
148 3781 196 3852 τήν
215 3779 320 3848 ἀξίωσιν
338 3782 389 3838 τῶν
407 3778 565 3856 ὀνομάτων)
585 3777 719 3838 δικαιώσει
741 3777 769 3837 δὲ
792 3779 851 3839 ἀντὶ
891 3775 986 3851 ὑπότε,
1001 3772 1091 3855 φησὶν,
1104 3770 1194 3853 ὅρκους
1207 3772 1370 3853 παράσχοιεν
1384 3773 1509 3846 ἀλλήλοις
1521 3777 1582 3856 περὶ
1596 3779 1671 3836 διαλ-

23 3890 53 3928 ιο
66 3872 158 3947 τοῦτῇ
177 3872 276 3927 ἑαυτῶν
295 3866 384 3948 δικαίφ
403 3869 497 3948 κρίσει.
520 3866 641 3946 βούλεται
663 3867 690 3925 δὲ
707 3870 788 3926 εἰπεῖν
811 3866 850 3926 ὅτι
890 3864 989 3940 λαγῆς,
1009 3859 1160 3941 ταραντίαα
1183 3858 1260 3937 μόναν
1274 3859 1364 3938 ἷανςναν
1385 3863 1409 3920 αὑ
1427 3859 1513 3942 αρααῑν
1527 3863 1572 3923 καί
1595 3864 1673 3945 μέχρι
1686 3898 1713 3940 νο

66 3954 209 4034 μετέθεσαν
222 3955 256 4014 τά
270 3955 395 4032 ὀνόματα·
413 3953 514 4036 οόγάρ,
530 3957 565 4020 ὡς
579 3953 715 4031 νενόμιστο
729 3952 849 4035 πρόσθεν,
891 3948 981 4008 τούτου
1008 3947 1142 4006 ἕπίσττναν
1168 3949 1269 4020 αὐτοῖς,
1290 3946 1338 4014 ἕως
1360 3949 1387 4006 ἕν
1407 3947 1505 4030 ἀπορίᾳ
1528 3957 1573 4010 τοῦ
1589 3953 1674 4020 άλλως

65 4043 256 4125 ἑχρῶνοοχοςὰ
270 4042 507 4125 οῶνπροφμάοονν,
521 4041 589 4101 ἀλλὰ
602 4042 850 4121 μοθήρμοοονχοοὰ
890 4043 1029 4095 πιστεῦσαι
1050 4034 1256 4105 καθεστήκεσαν.
1282 4038 1317 4101 ὡς
1344 4034 1376 4094 ἀν
1402 4036 1424 4094 εί
1440 4035 1537 4116 ἔλεγεν,
1563 4041 1586 4097 εί
1606 4030 1674 4112 ήσαν

64 4132 113 4202 τὴν
125 4135 225 4190 ἑαυτῶν
237 4132 331 4213 κρίσιν.
344 4131 393 4203 τήν
401 4131 448 4208 μὲν
460 4130 511 4210 γὰρ
522 4127 658 4209 ἀλόγιστον
667 4129 777 4206 τολμαν,
787 4130 851 4207 (ἥτις
891 4127 919 4182 ἐν
933 4123 1031 4204 ἀπορίφ
1043 4129 1088 4182 τοῦ
1103 4127 1242 4181 πιστεῦσαι
1256 4125 1289 4202 τῇ
1302 4126 1400 4181 ἑαυτῶν
1415 4123 1539 4200 δυνάμει,
1554 4124 1600 4183 καί
1613 4127 1674 4184 ἐπι-

66 4219 111 4277 m}
125 4218 255 4297 θροούοης
269 4218 392 4297 λέγεται]
411 4217 531 4298 ἀνδρείαν
545 4216 763 4298 προςηγόρενοον,
779 4218 809 4276 τὸ
824 4217 851 4277 δὲ
891 4211 980 4271 θέσθαι
993 4235 1026 4291 τη
1045 4209 1140 4291 ἑτέρων
1158 4209 1280 4287 δυνάμει,
1295 4208 1386 4288 ίσχυον
1401 4213 1428 4269 ἐν
1447 4211 1534 4277 αὑτοῖς
1554 4215 1579 4270 οῖ
1592 4211 1673 4292 όρκοι·

23 4326 51 4365 σε
68 4305 215 4386 φιλέταιρος
222 4306 402 4386 παρελκόντως
411 4308 504 4364 κεῖται.
514 4304 641 4384 κέχρηται
650 4303 676 4363 δὲ
687 4306 759 4385 αὐτῷ
769 4303 811 4363 διὰ
821 4305 851 4364 τὸ
891 4302 913 4357 εἶ
924 4298 952 4358 δέ
964 4297 1060 4370 σννὲὅη
1073 4295 1131 4355 τννα
1141 4299 1227 4356 αὐτῶν
1239 4299 1395 4369 maim,
1406 4298 1470 4376 παρ’
1482 4297 1556 4356 αὖδέν
1569 4298 1674 4377 θέμενος
1686 4332 1713 4371 ιο

67 4397 218 4475 προσθεῖναι
235 4394 336 4471 τολμαν
353 4394 498 4471 ἀλόγιστον,
512 4392 555 4450 ἵνα
570 4393 716 4471 παρίσωσις
731 4391 849 4471 γένηται.
890 4387 950 4452 τοὺς
971 4385 1061 4468 ὑρνςανς
1077 4383 1217 4444 αντατίθττα·
1231 4419 1272 4430 ···
1283 4384 1330 4445 Ἐν
1347 4383 1375 4443 δέ
1389 4388 1427 4466 τῷ
1437 4385 1615 4465 παρατυχόντα
1631 4389 1673 4467 ...]

65 4516 106 4526 ..
119 4483 215 4559 Τολμα
230 4482 278 4560 μὲν
292 4482 344 4564 γὰρ
359 4482 506 4560 ἀλήμονος]
521 4481 551 4539 τὸ
571 4482 670 4561 τολμᾷν
697 4480 849 4557 ἀλογίοοονς,
891 4476 918 4532 ἐν
933 4473 961 4532 δέ
983 4477 1020 4553 τῷ
1035 4471 1205 4550 συμῦαίνοντι
1227 4471 1273 4530 καὶ
1292 4476 1330 4553 τῷ
1356 4470 1423 4550 μετά
1442 4478 1525 4531 ταῦτα
1549 4473 1636 4555 χρόνῳ
1660 4480 1674 4534 θ

65 4603 106 4614 -
122 4569 257 4641 Μελλησις
276 4569 303 4629 δέ
322 4570 472 4651 προμηθής]
494 4569 523 4628 τδ
542 4569 646 4647 μέλλειν
667 4567 712 4626 καί
731 4568 851 4627 ἀναόάλ-
891 4561 946 4620 ἆττὸ
958 4560 1040 4640 τύχης
1054 4557 1173 4640 ἕαχηντὼς
1189 4563 1290 4639 πρῶτος
1305 4560 1334 4618 τὸ
1346 4563 1476 4642 θαῤῥῆσαν
1494 4561 1540 4620 καί
1561 4562 1674 4634 δυνηθῆ-

66 4657 232 4736 λςοοαςμςςὰ
242 4659 410 4739 προμηθείας,
421 4693 461 4702 .-
472 4657 606 4729 Μέλληονς
620 4655 647 4715 δὲ
658 4663 694 4728 ,..]
709 4654 756 4726 τήν
771 4656 794 4714 δ’
805 4659 850 4715 οὐ-
891 4673 933 4707 ναι
948 4647 1070 4730 ήδότερον
1085 4649 1185 4724 μᾶλλον
1207 4645 1250 4704 διά
1266 4646 1313 4718 τήν
1331 4647 1420 4706 πίστιν
1434 4645 1583 4721 ἐπετίθετο,
1604 4649 1673 4732 ἤπερ

24 4761 52 4800 ω
66 4743 175 4803 λάῦειαν
189 4747 234 4804 καὶ
245 4745 293 4817 τήν
309 4748 435 4824 μέλλησιν
449 4744 497 4816 τήν
509 4744 552 4803 διά
563 4743 687 4822 πρόνοιαν
696 4740 851 4820 γιγνομένην
891 4739 922 4795 ἑκ
934 4743 979 4796 τοῦ
990 4740 1138 4816 προφανοῦς
1153 4734 1309 4814 μαχόμενος·
1322 4734 1367 4794 καί
1380 4735 1438 4794 τόττ
1452 4735 1567 4812 μαλῑατα
1587 4740 1674 4818 ααφα·
1687 4765 1713 4805 w

67 4832 166 4892 δειλίαν
173 4833 313 4911 ὠνόμασαν
328 4837 455 4914 εὐπρεπῆ·
468 4831 515 4903 τήν
530 4831 557 4890 δὲ
571 4829 751 4912 σωφροσύνην,
761 4853 850 4911 φησιν,
890 4824 933 4891 λές
954 4823 1056 4900 ἐνόμιζε
1076 4821 1106 4880 τδ
1128 4822 1303 4894 ἐπιτίθεσθαι,
1321 4822 1365 4881 διά
1382 4823 1412 4881 τὸ
1433 4823 1566 4904 ἄφρακτον
1590 4826 1673 4905 εὑρεῖν

68 4919 401 5002 ὀνανδρείαςπροκάλυμμα
413 4920 503 4998 ᾤοντο·
511 4919 557 4978 καὶ
568 4919 598 4978 τό
613 4917 676 4998 πρὸς
689 4917 776 4976 πάντα
791 4940 852 4975 συν-
890 4911 934 4970 τδν
950 4908 1076 4980 ἐναντίον,
1095 4913 1140 4966 τοῦ
1161 4908 1237 4989 ὀρκου
1253 4912 1291 4989 τῷ
1304 4909 1403 4990 θάῤῥει.
1426 4908 1472 4968 καί
1486 4908 1529 4968 διά
1552 4915 1628 4969 τοῦτο
1645 4907 1673 4970 δέ

68 5004 124 5064 ετδν
142 5007 207 5086 πρὸς
226 5006 314 5067 πάντα
329 5006 408 5089 ἀργόν
422 5007 519 5086 έλεγον·
533 5006 563 5064 τὸ
575 5005 602 5065 δέ
615 5007 730 5082 μανικῶς
746 5002 788 5073 ὀξὺ
801 5005 850 5061 ἀν·
890 4999 962 5072 ήδιον
976 4995 1044 5074 μετά
1057 4994 1102 5053 τόν
1115 4993 1191 5076 όρκον
1205 4997 1372 5075 ἐτιμωρεῖτο,
1384 4996 1424 5053 ότι
1438 4994 1514 5064 δόξαν
1526 4994 1674 5079 φρονήσεως

68 5092 140 5174 δρεία
158 5095 220 5175 παρ’
235 5096 320 5162 αὑτοῖς
345 5094 486 5172 ἐνομίζετο.
503 5093 608 5154 -Καὶ
634 5092 663 5151 τδ
688 5091 752 5171 πρὸς
779 5089 849 5173 άπαν
891 5085 1039 5164 ἐλάμόανε,
1053 5086 1086 5160 τῇ
1101 5082 1190 5164 ἀπάτη
1201 5088 1247 5173 τοῦ
1261 5082 1339 5164 ὀρκου
1359 5084 1404 5142 καὶ
1421 5087 1453 5163 τῇ
1472 5083 1551 5164 τέχνῃ
1567 5108 1673 5167 περιγε·
