<?xml version="1.0" encoding="UTF-8"?>
<!DOCTYPE html PUBLIC "-//W3C//DTD XHTML 1.0 Transitional//EN"
    "http://www.w3.org/TR/xhtml1/DTD/xhtml1-transitional.dtd">
<html xmlns="http://www.w3.org/1999/xhtml" xml:lang="en" lang="en">
 <head>
  <title>
</title>
<meta http-equiv="Content-Type" content="text/html;charset=utf-8" />
  <meta name='ocr-system' content='tesseract 3.04.00' />
  <meta name='ocr-capabilities' content='ocr_page ocr_carea ocr_par ocr_line ocrx_word'/>
</head>
<body>
  <div class='ocr_page' id='page_1' title='image "./historiabellipe00thucgoog/historiabellipe00thucgoog_0535.png"; bbox 0 0 3676 5828; ppageno 0'>
   <div class='ocr_carea' id='block_1_1' title="bbox 693 338 1684 418">
    <p class='ocr_par' dir='ltr' id='par_1_1' title="bbox 693 338 1684 418">
     <span class='ocr_line' id='line_1_1' title="bbox 693 338 1684 418; baseline 0.004 -18"><span class='ocrx_word' id='word_1_1' title='bbox 693 338 864 401; x_wconf 75' lang='grc' dir='ltr'>οσιιοιιι.</span> <span class='ocrx_word' id='word_1_2' title='bbox 885 339 941 418; x_wconf 85' lang='grc' dir='ltr'>νι,</span> <span class='ocrx_word' id='word_1_3' title='bbox 962 348 1084 400; x_wconf 76' lang='grc' dir='ltr'>ει-εο.</span> <span class='ocrx_word' id='word_1_4' title='bbox 1629 344 1684 404; x_wconf 81' lang='grc' dir='ltr'>ιω</span> 
     </span>
    </p>
   </div>
   <div class='ocr_carea' id='block_1_2' title="bbox 14 475 1819 5263">
    <p class='ocr_par' dir='ltr' id='par_1_2' title="bbox 14 475 1819 5263">
     <span class='ocr_line' id='line_1_2' title="bbox 88 475 1687 594; baseline 0.005 -64"><span class='ocrx_word' id='word_1_5' title='bbox 88 483 189 550; x_wconf 82' lang='grc' dir='ltr'>..Ἐς</span> <span class='ocrx_word' id='word_1_6' title='bbox 201 483 244 542; x_wconf 84' lang='grc' dir='ltr'>τὸν</span> <span class='ocrx_word' id='word_1_7' title='bbox 260 482 342 560; x_wconf 84' lang='grc' dir='ltr'>μίγαν</span> <span class='ocrx_word' id='word_1_8' title='bbox 361 480 469 557; x_wconf 91' lang='grc' dir='ltr'>λιμίνα]</span> <span class='ocrx_word' id='word_1_9' title='bbox 484 482 535 539; x_wconf 88' lang='grc' dir='ltr'>τῶν</span> <span class='ocrx_word' id='word_1_10' title='bbox 551 483 725 561; x_wconf 77' lang='grc' dir='ltr'>Συρακουσῶν</span> <span class='ocrx_word' id='word_1_11' title='bbox 740 479 866 552; x_wconf 88' lang='grc' dir='ltr'>δηλονότι.</span> <span class='ocrx_word' id='word_1_12' title='bbox 887 508 892 594; x_wconf 80' lang='grc' dir='ltr'>γ</span> <span class='ocrx_word' id='word_1_13' title='bbox 911 485 950 549; x_wconf 90' lang='grc'>...]</span> <span class='ocrx_word' id='word_1_14' title='bbox 970 475 1039 535; x_wconf 83' lang='grc' dir='ltr'>ἀλλά</span> <span class='ocrx_word' id='word_1_15' title='bbox 1050 475 1093 534; x_wconf 78' lang='grc' dir='ltr'>διά</span> <span class='ocrx_word' id='word_1_16' title='bbox 1107 475 1136 535; x_wconf 82' lang='grc' dir='ltr'>τὸ</span> <span class='ocrx_word' id='word_1_17' title='bbox 1153 477 1183 535; x_wconf 89' lang='grc' dir='ltr'>ἐκ</span> <span class='ocrx_word' id='word_1_18' title='bbox 1197 481 1298 556; x_wconf 82' lang='grc' dir='ltr'>μακροῦ</span> <span class='ocrx_word' id='word_1_19' title='bbox 1316 475 1411 556; x_wconf 80' lang='grc' dir='ltr'>χρόνον</span> <span class='ocrx_word' id='word_1_20' title='bbox 1431 484 1484 542; x_wconf 86' lang='grc' dir='ltr'>τοῖς</span> <span class='ocrx_word' id='word_1_21' title='bbox 1499 475 1546 552; x_wconf 83' lang='grc' dir='ltr'>μὲν</span> <span class='ocrx_word' id='word_1_22' title='bbox 1567 477 1687 538; x_wconf 72' lang='grc' dir='ltr'>πολίταις</span> 
     </span>
     <span class='ocr_line' id='line_1_3' title="bbox 88 563 1684 647; baseline -0.004 -16"><span class='ocrx_word' id='word_1_23' title='bbox 88 567 486 647; x_wconf 59' lang='grc' dir='ltr'>-Καθειλκυσμένονῌτοιμον</span> <span class='ocrx_word' id='word_1_24' title='bbox 495 565 870 639; x_wconf 78' lang='grc' dir='ltr'>είςτήνθάλασσαν.-ι.Πο-</span> <span class='ocrx_word' id='word_1_25' title='bbox 910 563 1016 637; x_wconf 86' lang='grc' dir='ltr'>σύνηθες</span> <span class='ocrx_word' id='word_1_26' title='bbox 1032 563 1234 641; x_wconf 77' lang='grc' dir='ltr'>ἐμπεποιηκίναι</span> <span class='ocrx_word' id='word_1_27' title='bbox 1248 563 1278 621; x_wconf 86' lang='grc' dir='ltr'>τὸ</span> <span class='ocrx_word' id='word_1_28' title='bbox 1291 563 1426 645; x_wconf 78' lang='grc' dir='ltr'>φοὸεῖσθαι</span> <span class='ocrx_word' id='word_1_29' title='bbox 1436 564 1524 636; x_wconf 83' lang='grc' dir='ltr'>αὗτδν,</span> <span class='ocrx_word' id='word_1_30' title='bbox 1543 566 1596 631; x_wconf 87' lang='grc' dir='ltr'>τοῖς</span> <span class='ocrx_word' id='word_1_31' title='bbox 1610 567 1684 647; x_wconf 91' lang='grc' dir='ltr'>δορυ-</span> 
     </span>
     <span class='ocr_line' id='line_1_4' title="bbox 89 649 1685 735; baseline -0.003 -19"><span class='ocrx_word' id='word_1_32' title='bbox 89 657 207 734; x_wconf 85' lang='grc' dir='ltr'>λεμητία</span> <span class='ocrx_word' id='word_1_33' title='bbox 220 649 265 735; x_wconf 83' lang='grc' dir='ltr'>ήν]</span> <span class='ocrx_word' id='word_1_34' title='bbox 279 657 402 732; x_wconf 78' lang='grc' dir='ltr'><strong>πολεμεῖν</strong></span> <span class='ocrx_word' id='word_1_35' title='bbox 416 654 523 717; x_wconf 85' lang='grc' dir='ltr'>δυνατὸν</span> <span class='ocrx_word' id='word_1_36' title='bbox 538 653 632 712; x_wconf 80' lang='grc' dir='ltr'>ἔσοιτο.</span> <span class='ocrx_word' id='word_1_37' title='bbox 911 652 996 732; x_wconf 88' lang='grc' dir='ltr'>φὸροις</span> <span class='ocrx_word' id='word_1_38' title='bbox 1008 650 1035 710; x_wconf 81' lang='grc' dir='ltr'>δέ</span> <span class='ocrx_word' id='word_1_39' title='bbox 1053 651 1082 709; x_wconf 83' lang='grc' dir='ltr'>τδ</span> <span class='ocrx_word' id='word_1_40' title='bbox 1097 651 1234 732; x_wconf 77' lang='grc' dir='ltr'>φυλάττειν</span> <span class='ocrx_word' id='word_1_41' title='bbox 1254 653 1398 727; x_wconf 84' lang='grc' dir='ltr'>ἐπιμελῶς,</span> <span class='ocrx_word' id='word_1_42' title='bbox 1412 653 1442 709; x_wconf 88' lang='grc' dir='ltr'>ἐκ</span> <span class='ocrx_word' id='word_1_43' title='bbox 1463 653 1561 710; x_wconf 91' lang='grc' dir='ltr'>πολλοῦ</span> <span class='ocrx_word' id='word_1_44' title='bbox 1577 658 1623 711; x_wconf 91' lang='grc' dir='ltr'>τοῦ</span> <span class='ocrx_word' id='word_1_45' title='bbox 1637 677 1685 712; x_wconf 86' lang='grc' dir='ltr'>πι-</span> 
     </span>
     <span class='ocr_line' id='line_1_5' title="bbox 131 736 1686 821; baseline -0.003 -17"><span class='ocrx_word' id='word_1_46' title='bbox 131 748 177 805; x_wconf 81' lang='lat' dir='ltr'>Ll.</span> <span class='ocrx_word' id='word_1_47' title='bbox 200 745 254 803; x_wconf 84' lang='grc' dir='ltr'>Καί</span> <span class='ocrx_word' id='word_1_48' title='bbox 267 742 408 812; x_wconf 76' lang='grc' dir='ltr'>ἐκκλησίας</span> <span class='ocrx_word' id='word_1_49' title='bbox 421 740 571 819; x_wconf 82' lang='grc' dir='ltr'>γενομένης]</span> <span class='ocrx_word' id='word_1_50' title='bbox 584 744 636 797; x_wconf 90' lang='grc' dir='ltr'>τῶν</span> <span class='ocrx_word' id='word_1_51' title='bbox 652 740 808 799; x_wconf 82' lang='grc' dir='ltr'>Καταναίων</span> <span class='ocrx_word' id='word_1_52' title='bbox 823 740 870 810; x_wconf 90' lang='grc' dir='ltr'>δη·</span> <span class='ocrx_word' id='word_1_53' title='bbox 911 739 1007 819; x_wconf 88' lang='grc' dir='ltr'>ριόντος</span> <span class='ocrx_word' id='word_1_54' title='bbox 1027 741 1149 820; x_wconf 88' lang='grc' dir='ltr'>ἀσφαλῶς</span> <span class='ocrx_word' id='word_1_55' title='bbox 1168 738 1331 819; x_wconf 78' lang='grc' dir='ltr'>ἐκράτει.-</span> <span class='ocrx_word' id='word_1_56' title='bbox 1355 736 1534 820; x_wconf 74' lang='grc' dir='ltr'>Ἐπικούρους]</span> <span class='ocrx_word' id='word_1_57' title='bbox 1560 739 1686 821; x_wconf 89' lang='grc' dir='ltr'>φύλακας.</span> 
     </span>
     <span class='ocr_line' id='line_1_6' title="bbox 61 825 1715 909; baseline -0.004 -16"><span class='ocrx_word' id='word_1_58' title='bbox 61 830 187 893; x_wconf 82' lang='grc' dir='ltr'>ελονὸτι.</span> <span class='ocrx_word' id='word_1_59' title='bbox 199 865 240 875; x_wconf 90' lang='grc'>-</span> <span class='ocrx_word' id='word_1_60' title='bbox 252 829 305 889; x_wconf 86' lang='grc' dir='ltr'>Καί</span> <span class='ocrx_word' id='word_1_61' title='bbox 323 833 375 887; x_wconf 90' lang='grc' dir='ltr'>τῶν</span> <span class='ocrx_word' id='word_1_62' title='bbox 387 830 414 886; x_wconf 86' lang='grc' dir='ltr'>ἐν</span> <span class='ocrx_word' id='word_1_63' title='bbox 425 832 458 907; x_wconf 83' lang='grc' dir='ltr'>τῇ</span> <span class='ocrx_word' id='word_1_64' title='bbox 472 827 556 898; x_wconf 86' lang='grc' dir='ltr'>πόλει]</span> <span class='ocrx_word' id='word_1_65' title='bbox 575 830 626 884; x_wconf 88' lang='grc' dir='ltr'>τῶν</span> <span class='ocrx_word' id='word_1_66' title='bbox 642 825 808 886; x_wconf 84' lang='grc' dir='ltr'>Καταναίων.</span> <span class='ocrx_word' id='word_1_67' title='bbox 833 858 870 869; x_wconf 89' lang='grc'>-</span> <span class='ocrx_word' id='word_1_68' title='bbox 912 860 948 870; x_wconf 96' lang='grc'><strong>-</strong></span> <span class='ocrx_word' id='word_1_69' title='bbox 965 826 1018 886; x_wconf 84' lang='grc' dir='ltr'>Καί</span> <span class='ocrx_word' id='word_1_70' title='bbox 1039 829 1089 905; x_wconf 82' lang='grc' dir='ltr'>οὐχ</span> <span class='ocrx_word' id='word_1_71' title='bbox 1102 829 1137 893; x_wconf 84' lang='grc' dir='ltr'>ὡς</span> <span class='ocrx_word' id='word_1_72' title='bbox 1155 825 1307 906; x_wconf 77' lang='grc' dir='ltr'>ἀδελφὸς...]</span> <span class='ocrx_word' id='word_1_73' title='bbox 1328 827 1391 905; x_wconf 81' lang='grc' dir='ltr'>οὐχ,</span> <span class='ocrx_word' id='word_1_74' title='bbox 1406 829 1440 892; x_wconf 82' lang='grc' dir='ltr'>ὡς</span> <span class='ocrx_word' id='word_1_75' title='bbox 1458 825 1581 909; x_wconf 81' lang='grc' dir='ltr'>νεώτερος</span> <span class='ocrx_word' id='word_1_76' title='bbox 1596 825 1642 900; x_wconf 79' lang='grc' dir='ltr'>ὢν,</span> <span class='ocrx_word' id='word_1_77' title='bbox 1661 830 1715 892; x_wconf 71' lang='grc' dir='ltr'>ἀνι</span> 
     </span>
     <span class='ocr_line' id='line_1_7' title="bbox 92 912 1686 1059; baseline -0.001 -85"><span class='ocrx_word' id='word_1_78' title='bbox 92 919 201 996; x_wconf 85' lang='grc' dir='ltr'>Κακῶς]</span> <span class='ocrx_word' id='word_1_79' title='bbox 216 917 348 996; x_wconf 77' lang='grc' dir='ltr'>ἀτέχνως,</span> <span class='ocrx_word' id='word_1_80' title='bbox 363 919 473 996; x_wconf 87' lang='grc' dir='ltr'>σαθρῶς.</span> <span class='ocrx_word' id='word_1_81' title='bbox 490 949 531 959; x_wconf 95' lang='grc'>-</span> <span class='ocrx_word' id='word_1_82' title='bbox 545 913 700 994; x_wconf 84' lang='grc' dir='ltr'>’Πγὸραζον]</span> <span class='ocrx_word' id='word_1_83' title='bbox 716 913 773 971; x_wconf 88' lang='grc' dir='ltr'>ἀντί</span> <span class='ocrx_word' id='word_1_84' title='bbox 787 917 833 971; x_wconf 91' lang='grc' dir='ltr'>τοῦ</span> <span class='ocrx_word' id='word_1_85' title='bbox 845 914 871 969; x_wconf 85' lang='grc' dir='ltr'>ἐν</span> <span class='ocrx_word' id='word_1_86' title='bbox 912 912 1008 994; x_wconf 74' lang='grc' dir='ltr'>ἀπορίᾳ</span> <span class='ocrx_word' id='word_1_87' title='bbox 1018 913 1118 1059; x_wconf 79' lang='grc' dir='ltr'>ἐγένετο</span> <span class='ocrx_word' id='word_1_88' title='bbox 1131 919 1175 972; x_wconf 90' lang='grc' dir='ltr'>τοῦ</span> <span class='ocrx_word' id='word_1_89' title='bbox 1189 918 1243 980; x_wconf 93' lang='grc' dir='ltr'>πῶς</span> <span class='ocrx_word' id='word_1_90' title='bbox 1251 914 1289 971; x_wconf 89' lang='grc' dir='ltr'>δεῖ</span> <span class='ocrx_word' id='word_1_91' title='bbox 1303 913 1519 984; x_wconf 73' lang='grc' dir='ltr'>καταστήσασθαι</span> <span class='ocrx_word' id='word_1_92' title='bbox 1530 912 1577 984; x_wconf 74' lang='grc' dir='ltr'>τήν</span> <span class='ocrx_word' id='word_1_93' title='bbox 1590 914 1686 995; x_wconf 82' lang='grc' dir='ltr'>ἀρχήν.</span> 
     </span>
     <span class='ocr_line' id='line_1_8' title="bbox 92 1000 1689 1086; baseline -0.001 -22"><span class='ocrx_word' id='word_1_94' title='bbox 92 1009 177 1086; x_wconf 72' lang='grc' dir='ltr'>ἀγορᾷ</span> <span class='ocrx_word' id='word_1_95' title='bbox 190 1003 327 1084; x_wconf 82' lang='grc' dir='ltr'>διίτριὸον.</span> <span class='ocrx_word' id='word_1_96' title='bbox 911 1045 942 1058; x_wconf 81' lang='grc'>..</span> <span class='ocrx_word' id='word_1_97' title='bbox 954 1002 1001 1062; x_wconf 85' lang='grc' dir='ltr'>Ἐν</span> <span class='ocrx_word' id='word_1_98' title='bbox 1023 1026 1037 1082; x_wconf 68' lang='grc' dir='ltr'>ιγ</span> <span class='ocrx_word' id='word_1_99' title='bbox 1061 1004 1091 1059; x_wconf 84' lang='grc' dir='ltr'>οὐ</span> <span class='ocrx_word' id='word_1_100' title='bbox 1102 1002 1270 1083; x_wconf 90' lang='grc' dir='ltr'>πρότερον...]</span> <span class='ocrx_word' id='word_1_101' title='bbox 1286 1000 1328 1059; x_wconf 86' lang='grc' dir='ltr'>διὸι</span> <span class='ocrx_word' id='word_1_102' title='bbox 1348 1001 1378 1060; x_wconf 90' lang='grc' dir='ltr'>τδ</span> <span class='ocrx_word' id='word_1_103' title='bbox 1392 1000 1429 1079; x_wconf 78' lang='grc' dir='ltr'>μή</span> <span class='ocrx_word' id='word_1_104' title='bbox 1449 1001 1576 1082; x_wconf 84' lang='grc' dir='ltr'>πρότερον</span> <span class='ocrx_word' id='word_1_105' title='bbox 1598 1003 1689 1085; x_wconf 81' lang='grc' dir='ltr'>ἄρχειν</span> 
     </span>
     <span class='ocr_line' id='line_1_9' title="bbox 132 1087 1691 1170; baseline -0.002 -17"><span class='ocrx_word' id='word_1_106' title='bbox 132 1095 192 1153; x_wconf 83' lang='lat' dir='ltr'><strong>Lll.</strong></span> <span class='ocrx_word' id='word_1_107' title='bbox 214 1093 350 1170; x_wconf 87' lang='grc' dir='ltr'>Πληροῦσι</span> <span class='ocrx_word' id='word_1_108' title='bbox 367 1087 505 1167; x_wconf 85' lang='grc' dir='ltr'>ναυτικόν]</span> <span class='ocrx_word' id='word_1_109' title='bbox 520 1093 582 1154; x_wconf 91' lang='grc' dir='ltr'>ναῦς</span> <span class='ocrx_word' id='word_1_110' title='bbox 595 1090 695 1146; x_wconf 90' lang='grc' dir='ltr'>ναυτῶν</span> <span class='ocrx_word' id='word_1_111' title='bbox 715 1088 870 1166; x_wconf 80' lang='grc' dir='ltr'>πληροῦσιν.</span> <span class='ocrx_word' id='word_1_112' title='bbox 913 1091 1127 1164; x_wconf 77' lang='grc' dir='ltr'>μεμελετηκέναι.</span> <span class='ocrx_word' id='word_1_113' title='bbox 1143 1127 1174 1139; x_wconf 93' lang='grc'>-</span> <span class='ocrx_word' id='word_1_114' title='bbox 1184 1109 1206 1150; x_wconf 80' lang='grc' dir='ltr'>α.</span> <span class='ocrx_word' id='word_1_115' title='bbox 1220 1092 1263 1167; x_wconf 80' lang='grc' dir='ltr'>Τῇ</span> <span class='ocrx_word' id='word_1_116' title='bbox 1278 1088 1400 1169; x_wconf 79' lang='grc' dir='ltr'>δυςτυχίφι</span> <span class='ocrx_word' id='word_1_117' title='bbox 1409 1088 1633 1165; x_wconf 79' lang='grc' dir='ltr'>ὀνομασθέντα...]</span> <span class='ocrx_word' id='word_1_118' title='bbox 1648 1091 1691 1151; x_wconf 83' lang='grc' dir='ltr'>διθ</span> 
     </span>
     <span class='ocr_line' id='line_1_10' title="bbox 92 1171 1689 1256; baseline 0.001 -19"><span class='ocrx_word' id='word_1_119' title='bbox 92 1216 134 1226; x_wconf 90' lang='grc'>-</span> <span class='ocrx_word' id='word_1_120' title='bbox 147 1180 193 1247; x_wconf 82' lang='grc' dir='ltr'>Ἐς</span> <span class='ocrx_word' id='word_1_121' title='bbox 206 1179 251 1237; x_wconf 77' lang='grc' dir='ltr'>τὸν</span> <span class='ocrx_word' id='word_1_122' title='bbox 265 1176 394 1256; x_wconf 87' lang='grc' dir='ltr'>αίγιαλὸν]</span> <span class='ocrx_word' id='word_1_123' title='bbox 409 1181 461 1234; x_wconf 91' lang='grc' dir='ltr'>τῶν</span> <span class='ocrx_word' id='word_1_124' title='bbox 476 1175 676 1256; x_wconf 86' lang='grc' dir='ltr'>Καμαριναίων.</span> <span class='ocrx_word' id='word_1_125' title='bbox 687 1209 727 1219; x_wconf 96' lang='grc'>-</span> <span class='ocrx_word' id='word_1_126' title='bbox 737 1173 779 1234; x_wconf 84' lang='grc' dir='ltr'>Τά</span> <span class='ocrx_word' id='word_1_127' title='bbox 796 1171 871 1254; x_wconf 83' lang='grc' dir='ltr'>ὁρκια</span> <span class='ocrx_word' id='word_1_128' title='bbox 912 1175 959 1246; x_wconf 74' lang='grc' dir='ltr'>τήν</span> <span class='ocrx_word' id='word_1_129' title='bbox 974 1182 1158 1253; x_wconf 85' lang='grc' dir='ltr'>συμπεσοῦσαν</span> <span class='ocrx_word' id='word_1_130' title='bbox 1179 1179 1250 1255; x_wconf 83' lang='grc' dir='ltr'>αύτῷ</span> <span class='ocrx_word' id='word_1_131' title='bbox 1271 1175 1407 1254; x_wconf 86' lang='grc' dir='ltr'>δυςτνχίαν</span> <span class='ocrx_word' id='word_1_132' title='bbox 1431 1176 1617 1252; x_wconf 82' lang='grc' dir='ltr'>ὀνομασθέντα,</span> <span class='ocrx_word' id='word_1_133' title='bbox 1631 1181 1689 1238; x_wconf 84' lang='grc' dir='ltr'>ὀνο-</span> 
     </span>
     <span class='ocr_line' id='line_1_11' title="bbox 51 1259 1730 1346; baseline -0.002 -19"><span class='ocrx_word' id='word_1_134' title='bbox 51 1292 80 1332; x_wconf 87' lang='grc' dir='ltr'>ιο</span> <span class='ocrx_word' id='word_1_135' title='bbox 94 1259 173 1346; x_wconf 73' lang='grc' dir='ltr'>εἶναι]</span> <span class='ocrx_word' id='word_1_136' title='bbox 181 1267 232 1332; x_wconf 83' lang='grc' dir='ltr'>τοῖς</span> <span class='ocrx_word' id='word_1_137' title='bbox 246 1263 444 1345; x_wconf 79' lang='grc' dir='ltr'>Καμαριναίοιι.</span> <span class='ocrx_word' id='word_1_138' title='bbox 456 1297 497 1307; x_wconf 92' lang='grc'>-</span> <span class='ocrx_word' id='word_1_139' title='bbox 506 1283 528 1321; x_wconf 78' lang='lat'>2·</span> <span class='ocrx_word' id='word_1_140' title='bbox 538 1261 681 1343; x_wconf 78' lang='grc' dir='ltr'>Ἄπρακτοι</span> <span class='ocrx_word' id='word_1_141' title='bbox 694 1261 875 1345; x_wconf 82' lang='grc' dir='ltr'>δέγενόμενοι]</span> <span class='ocrx_word' id='word_1_142' title='bbox 913 1264 1013 1341; x_wconf 83' lang='grc' dir='ltr'>μαστὸν</span> <span class='ocrx_word' id='word_1_143' title='bbox 1024 1263 1169 1343; x_wconf 74' lang='grc' dir='ltr'>γενόμενον,</span> <span class='ocrx_word' id='word_1_144' title='bbox 1183 1266 1363 1344; x_wconf 74' lang='grc' dir='ltr'>ὑποληφθῆναι</span> <span class='ocrx_word' id='word_1_145' title='bbox 1378 1261 1417 1321; x_wconf 84' lang='grc' dir='ltr'>ὁτι</span> <span class='ocrx_word' id='word_1_146' title='bbox 1431 1264 1609 1344; x_wconf 79' lang='grc' dir='ltr'>ἐτυράννησεν.</span> <span class='ocrx_word' id='word_1_147' title='bbox 1707 1290 1730 1329; x_wconf 81' lang='grc' dir='ltr'>ιο</span> 
     </span>
     <span class='ocr_line' id='line_1_12' title="bbox 93 1350 1692 1434; baseline -0.003 -19"><span class='ocrx_word' id='word_1_148' title='bbox 93 1359 118 1415; x_wconf 86' lang='grc' dir='ltr'>οί</span> <span class='ocrx_word' id='word_1_149' title='bbox 130 1355 270 1426; x_wconf 79' lang='grc' dir='ltr'>Ἀθηναῖοι.</span> <span class='ocrx_word' id='word_1_150' title='bbox 285 1356 395 1413; x_wconf 89' lang='grc' dir='ltr'>-Τῶν</span> <span class='ocrx_word' id='word_1_151' title='bbox 407 1353 501 1432; x_wconf 73' lang='grc' dir='ltr'>ψιλῶν]</span> <span class='ocrx_word' id='word_1_152' title='bbox 514 1355 565 1409; x_wconf 90' lang='grc' dir='ltr'>τῶν</span> <span class='ocrx_word' id='word_1_153' title='bbox 580 1350 729 1422; x_wconf 75' lang='grc' dir='ltr'>Ἀθηναίων.</span> <span class='ocrx_word' id='word_1_154' title='bbox 952 1354 1025 1413; x_wconf 83' lang='lat' dir='ltr'><strong>Lvl.</strong></span> <span class='ocrx_word' id='word_1_155' title='bbox 1049 1352 1283 1432; x_wconf 77' lang='grc' dir='ltr'>Ἄπαρνηθίντα...]</span> <span class='ocrx_word' id='word_1_156' title='bbox 1308 1351 1487 1434; x_wconf 88' lang='grc' dir='ltr'>ἀρνησάμενον</span> <span class='ocrx_word' id='word_1_157' title='bbox 1511 1353 1637 1429; x_wconf 79' lang='grc' dir='ltr'>ὁμιλῆσαι</span> <span class='ocrx_word' id='word_1_158' title='bbox 1654 1355 1692 1434; x_wconf 78' lang='grc' dir='ltr'>τῷ</span> 
     </span>
     <span class='ocr_line' id='line_1_13' title="bbox 134 1434 1689 1519; baseline -0.002 -15"><span class='ocrx_word' id='word_1_159' title='bbox 134 1445 211 1504; x_wconf 85' lang='lat' dir='ltr'><strong>Llll.</strong></span> <span class='ocrx_word' id='word_1_160' title='bbox 223 1440 277 1502; x_wconf 86' lang='grc' dir='ltr'>Καί</span> <span class='ocrx_word' id='word_1_161' title='bbox 286 1443 315 1500; x_wconf 81' lang='grc' dir='ltr'>οὒ</span> <span class='ocrx_word' id='word_1_162' title='bbox 330 1439 510 1516; x_wconf 83' lang='grc' dir='ltr'>δοκιμάζοντες</span> <span class='ocrx_word' id='word_1_163' title='bbox 520 1438 578 1505; x_wconf 81' lang='grc' dir='ltr'>τοὺς</span> <span class='ocrx_word' id='word_1_164' title='bbox 587 1439 713 1516; x_wconf 87' lang='grc' dir='ltr'>μηνυτάς]</span> <span class='ocrx_word' id='word_1_165' title='bbox 728 1439 758 1496; x_wconf 83' lang='grc' dir='ltr'>ού</span> <span class='ocrx_word' id='word_1_166' title='bbox 770 1434 872 1514; x_wconf 88' lang='grc' dir='ltr'>διακρί·</span> <span class='ocrx_word' id='word_1_167' title='bbox 914 1443 1046 1519; x_wconf 89' lang='grc' dir='ltr'>πειρῶντι.</span> <span class='ocrx_word' id='word_1_168' title='bbox 1059 1473 1095 1485; x_wconf 90' lang='grc'>-</span> <span class='ocrx_word' id='word_1_169' title='bbox 1110 1439 1341 1519; x_wconf 88' lang='grc' dir='ltr'>Ἐπαγγείλαντες]</span> <span class='ocrx_word' id='word_1_170' title='bbox 1357 1440 1414 1497; x_wconf 82' lang='grc' dir='ltr'>ἀντὶ</span> <span class='ocrx_word' id='word_1_171' title='bbox 1431 1445 1476 1498; x_wconf 91' lang='grc' dir='ltr'>τοῦ</span> <span class='ocrx_word' id='word_1_172' title='bbox 1491 1439 1689 1519; x_wconf 79' lang='grc' dir='ltr'>προςτάξαντες.</span> 
     </span>
     <span class='ocr_line' id='line_1_14' title="bbox 94 1518 1784 1610; baseline 0 -24"><span class='ocrx_word' id='word_1_173' title='bbox 94 1554 194 1602; x_wconf 87' lang='grc' dir='ltr'>νοντες,</span> <span class='ocrx_word' id='word_1_174' title='bbox 210 1526 357 1610; x_wconf 76' lang='grc' dir='ltr'>φησί,τούς</span> <span class='ocrx_word' id='word_1_175' title='bbox 373 1526 501 1603; x_wconf 85' lang='grc' dir='ltr'>μηνυτάς,</span> <span class='ocrx_word' id='word_1_176' title='bbox 517 1525 625 1605; x_wconf 80' lang='grc' dir='ltr'>πότερον</span> <span class='ocrx_word' id='word_1_177' title='bbox 640 1522 873 1606; x_wconf 75' lang='grc' dir='ltr'>ψεύδονταιήάλη·</span> <span class='ocrx_word' id='word_1_178' title='bbox 915 1562 948 1572; x_wconf 89' lang='lat'><em>-</em></span> <span class='ocrx_word' id='word_1_179' title='bbox 963 1525 1010 1586; x_wconf 82' lang='grc' dir='ltr'>’Πν</span> <span class='ocrx_word' id='word_1_180' title='bbox 1023 1531 1117 1606; x_wconf 83' lang='grc' dir='ltr'>πομπῇ</span> <span class='ocrx_word' id='word_1_181' title='bbox 1129 1526 1189 1598; x_wconf 88' lang='grc' dir='ltr'>τινί]</span> <span class='ocrx_word' id='word_1_182' title='bbox 1204 1529 1229 1585; x_wconf 77' lang='grc' dir='ltr'>ἐν</span> <span class='ocrx_word' id='word_1_183' title='bbox 1243 1525 1395 1607; x_wconf 75' lang='grc' dir='ltr'>πανηγύρει.</span> <span class='ocrx_word' id='word_1_184' title='bbox 1409 1525 1508 1598; x_wconf 81' lang='grc' dir='ltr'>-Τὴν</span> <span class='ocrx_word' id='word_1_185' title='bbox 1521 1526 1694 1607; x_wconf 81' lang='grc' dir='ltr'>ἀρχήν]τοῦς</span> <span class='ocrx_word' id='word_1_186' title='bbox 1781 1518 1784 1525; x_wconf 46' lang='grc'><strong>’</strong></span> 
     </span>
     <span class='ocr_line' id='line_1_15' title="bbox 96 1609 1694 1696; baseline -0.004 -18"><span class='ocrx_word' id='word_1_187' title='bbox 96 1617 222 1690; x_wconf 77' lang='grc' dir='ltr'>θείωσιν,</span> <span class='ocrx_word' id='word_1_188' title='bbox 236 1617 295 1675; x_wconf 88' lang='grc' dir='ltr'>ἀλλ’</span> <span class='ocrx_word' id='word_1_189' title='bbox 310 1614 404 1691; x_wconf 87' lang='grc' dir='ltr'>ὁμοίως</span> <span class='ocrx_word' id='word_1_190' title='bbox 417 1624 482 1672; x_wconf 79' lang='grc' dir='ltr'>πᾶσι</span> <span class='ocrx_word' id='word_1_191' title='bbox 494 1613 670 1684; x_wconf 87' lang='grc' dir='ltr'>πιστεύοντες,</span> <span class='ocrx_word' id='word_1_192' title='bbox 683 1611 726 1670; x_wconf 86' lang='grc' dir='ltr'>διὸι</span> <span class='ocrx_word' id='word_1_193' title='bbox 740 1610 770 1670; x_wconf 88' lang='grc' dir='ltr'>τὸ</span> <span class='ocrx_word' id='word_1_194' title='bbox 784 1609 875 1691; x_wconf 80' lang='grc' dir='ltr'>προςί-</span> <span class='ocrx_word' id='word_1_195' title='bbox 915 1609 1052 1691; x_wconf 81' lang='grc' dir='ltr'>ἀρχοντας.</span> <span class='ocrx_word' id='word_1_196' title='bbox 1068 1660 1100 1674; x_wconf 91' lang='grc'>.-</span> <span class='ocrx_word' id='word_1_197' title='bbox 1119 1634 1141 1673; x_wconf 79' lang='grc' dir='ltr'>α.</span> <span class='ocrx_word' id='word_1_198' title='bbox 1156 1612 1338 1695; x_wconf 78' lang='grc' dir='ltr'>Παρωξύνιτο]</span> <span class='ocrx_word' id='word_1_199' title='bbox 1360 1617 1496 1691; x_wconf 76' lang='grc' dir='ltr'>ἐθυμοῦτο.</span> <span class='ocrx_word' id='word_1_200' title='bbox 1514 1647 1550 1659; x_wconf 91' lang='grc'>-</span> <span class='ocrx_word' id='word_1_201' title='bbox 1571 1611 1615 1674; x_wconf 63' lang='lat' dir='ltr'>T&amp;</span> <span class='ocrx_word' id='word_1_202' title='bbox 1630 1615 1694 1696; x_wconf 81' lang='grc' dir='ltr'>πρὸς</span> 
     </span>
     <span class='ocr_line' id='line_1_16' title="bbox 54 1697 1731 1786; baseline -0.004 -21"><span class='ocrx_word' id='word_1_203' title='bbox 54 1724 82 1764; x_wconf 80' lang='grc' dir='ltr'>ιε</span> <span class='ocrx_word' id='word_1_204' title='bbox 96 1730 154 1786; x_wconf 82' lang='grc' dir='ltr'>χειν</span> <span class='ocrx_word' id='word_1_205' title='bbox 171 1712 224 1771; x_wconf 89' lang='grc' dir='ltr'>τοῖς</span> <span class='ocrx_word' id='word_1_206' title='bbox 238 1703 358 1782; x_wconf 77' lang='grc' dir='ltr'>πονηροῖς</span> <span class='ocrx_word' id='word_1_207' title='bbox 377 1701 502 1778; x_wconf 84' lang='grc' dir='ltr'>μηνυταῖς</span> <span class='ocrx_word' id='word_1_208' title='bbox 519 1699 600 1766; x_wconf 78' lang='grc' dir='ltr'>ἐνίους</span> <span class='ocrx_word' id='word_1_209' title='bbox 612 1704 663 1758; x_wconf 88' lang='grc' dir='ltr'>τῶν</span> <span class='ocrx_word' id='word_1_210' title='bbox 679 1701 792 1757; x_wconf 91' lang='grc' dir='ltr'>πολιτῶν</span> <span class='ocrx_word' id='word_1_211' title='bbox 805 1721 875 1778; x_wconf 80' lang='grc' dir='ltr'>χρη·</span> <span class='ocrx_word' id='word_1_212' title='bbox 914 1697 972 1766; x_wconf 84' lang='grc' dir='ltr'>τοὺς</span> <span class='ocrx_word' id='word_1_213' title='bbox 987 1700 1149 1782; x_wconf 74' lang='grc' dir='ltr'>δορυφόρους]</span> <span class='ocrx_word' id='word_1_214' title='bbox 1158 1701 1236 1778; x_wconf 81' lang='grc' dir='ltr'>ήγουν</span> <span class='ocrx_word' id='word_1_215' title='bbox 1250 1700 1332 1767; x_wconf 81' lang='grc' dir='ltr'>εἰςτά.</span> <span class='ocrx_word' id='word_1_216' title='bbox 1346 1745 1377 1760; x_wconf 91' lang='grc'>...</span> <span class='ocrx_word' id='word_1_217' title='bbox 1388 1721 1410 1762; x_wconf 78' lang='grc' dir='ltr'>ο.</span> <span class='ocrx_word' id='word_1_218' title='bbox 1425 1700 1480 1762; x_wconf 82' lang='grc' dir='ltr'>Καί</span> <span class='ocrx_word' id='word_1_219' title='bbox 1494 1700 1552 1768; x_wconf 81' lang='grc' dir='ltr'>τοὺς</span> <span class='ocrx_word' id='word_1_220' title='bbox 1562 1698 1691 1781; x_wconf 79' lang='grc' dir='ltr'>μὴπροιι·</span> <span class='ocrx_word' id='word_1_221' title='bbox 1709 1728 1731 1765; x_wconf 75' lang='grc' dir='ltr'>η</span> 
     </span>
     <span class='ocr_line' id='line_1_17' title="bbox 97 1783 1354 1867; baseline -0.006 -14"><span class='ocrx_word' id='word_1_222' title='bbox 97 1793 174 1860; x_wconf 81' lang='grc' dir='ltr'>στοῦς</span> <span class='ocrx_word' id='word_1_223' title='bbox 196 1791 272 1857; x_wconf 86' lang='grc' dir='ltr'>ὄντας</span> <span class='ocrx_word' id='word_1_224' title='bbox 294 1788 427 1848; x_wconf 78' lang='grc' dir='ltr'>κατέδων.</span> <span class='ocrx_word' id='word_1_225' title='bbox 443 1821 480 1832; x_wconf 93' lang='grc'><strong>-</strong></span> <span class='ocrx_word' id='word_1_226' title='bbox 492 1806 514 1846; x_wconf 80' lang='grc' dir='ltr'>ε.</span> <span class='ocrx_word' id='word_1_227' title='bbox 527 1785 579 1845; x_wconf 85' lang='grc' dir='ltr'>Διὸι</span> <span class='ocrx_word' id='word_1_228' title='bbox 597 1789 716 1867; x_wconf 87' lang='grc' dir='ltr'>πονηρῶν</span> <span class='ocrx_word' id='word_1_229' title='bbox 733 1789 874 1866; x_wconf 81' lang='grc' dir='ltr'>ἀνθρώπων</span> <span class='ocrx_word' id='word_1_230' title='bbox 916 1783 1000 1858; x_wconf 87' lang='grc' dir='ltr'>δὸτας]</span> <span class='ocrx_word' id='word_1_231' title='bbox 1015 1786 1062 1858; x_wconf 76' lang='grc' dir='ltr'>τὴν</span> <span class='ocrx_word' id='word_1_232' title='bbox 1074 1786 1214 1860; x_wconf 76' lang='grc' dir='ltr'>ἐπιθουλήν</span> <span class='ocrx_word' id='word_1_233' title='bbox 1227 1785 1354 1858; x_wconf 83' lang='grc' dir='ltr'>δηλονότι.</span> 
     </span>
     <span class='ocr_line' id='line_1_18' title="bbox 99 1871 1694 1956; baseline -0.001 -21"><span class='ocrx_word' id='word_1_234' title='bbox 99 1879 196 1949; x_wconf 88' lang='grc' dir='ltr'>πίστιν]</span> <span class='ocrx_word' id='word_1_235' title='bbox 209 1876 371 1941; x_wconf 81' lang='grc' dir='ltr'>πιστεύοντες</span> <span class='ocrx_word' id='word_1_236' title='bbox 387 1874 508 1953; x_wconf 78' lang='grc' dir='ltr'>πονηροῖς</span> <span class='ocrx_word' id='word_1_237' title='bbox 529 1872 671 1952; x_wconf 84' lang='grc' dir='ltr'>ἀνθρώποις</span> <span class='ocrx_word' id='word_1_238' title='bbox 689 1881 821 1949; x_wconf 87' lang='grc' dir='ltr'>μηνυταῖς.</span> <span class='ocrx_word' id='word_1_239' title='bbox 836 1906 875 1916; x_wconf 90' lang='grc'>-</span> <span class='ocrx_word' id='word_1_240' title='bbox 955 1875 1043 1934; x_wconf 84' lang='lat' dir='ltr'>Lvll.</span> <span class='ocrx_word' id='word_1_241' title='bbox 1060 1871 1132 1942; x_wconf 79' lang='grc' dir='ltr'>Ἔξω</span> <span class='ocrx_word' id='word_1_242' title='bbox 1141 1877 1168 1932; x_wconf 87' lang='grc' dir='ltr'>ἐν</span> <span class='ocrx_word' id='word_1_243' title='bbox 1181 1879 1218 1955; x_wconf 83' lang='grc' dir='ltr'>τῷ</span> <span class='ocrx_word' id='word_1_244' title='bbox 1234 1874 1404 1956; x_wconf 83' lang='grc' dir='ltr'>Κεραμεικῷ]</span> <span class='ocrx_word' id='word_1_245' title='bbox 1417 1872 1467 1942; x_wconf 77' lang='grc' dir='ltr'>ἐξω</span> <span class='ocrx_word' id='word_1_246' title='bbox 1481 1878 1527 1946; x_wconf 81' lang='grc' dir='ltr'>τῆς</span> <span class='ocrx_word' id='word_1_247' title='bbox 1538 1875 1647 1942; x_wconf 80' lang='grc' dir='ltr'>πόλεως.</span> <span class='ocrx_word' id='word_1_248' title='bbox 1663 1916 1694 1926; x_wconf 89' lang='grc'><strong>-</strong></span> 
     </span>
     <span class='ocr_line' id='line_1_19' title="bbox 100 1952 1819 2047; baseline 0 -25"><span class='ocrx_word' id='word_1_249' title='bbox 100 1969 219 2047; x_wconf 88' lang='grc' dir='ltr'>Χρησιμ.</span> <span class='ocrx_word' id='word_1_250' title='bbox 233 1961 373 2041; x_wconf 79' lang='grc' dir='ltr'>ἡγούμενοι</span> <span class='ocrx_word' id='word_1_251' title='bbox 386 1952 494 2039; x_wconf 72' lang='grc' dir='ltr'>εἶναι...]</span> <span class='ocrx_word' id='word_1_252' title='bbox 506 1964 625 2040; x_wconf 87' lang='grc' dir='ltr'>κρεῖσσον</span> <span class='ocrx_word' id='word_1_253' title='bbox 636 1958 777 2037; x_wconf 75' lang='grc' dir='ltr'>ἡγούμενοι</span> <span class='ocrx_word' id='word_1_254' title='bbox 790 1963 876 2038; x_wconf 84' lang='grc' dir='ltr'>βασα-</span> <span class='ocrx_word' id='word_1_255' title='bbox 916 1978 937 2017; x_wconf 81' lang='grc' dir='ltr'>α.</span> <span class='ocrx_word' id='word_1_256' title='bbox 957 1959 1077 2032; x_wconf 86' lang='grc' dir='ltr'>Οίκείως]</span> <span class='ocrx_word' id='word_1_257' title='bbox 1096 1963 1212 2043; x_wconf 92' lang='grc' dir='ltr'>φιλικῶς.</span> <span class='ocrx_word' id='word_1_258' title='bbox 1236 1996 1274 2006; x_wconf 94' lang='grc'>-</span> <span class='ocrx_word' id='word_1_259' title='bbox 1292 1981 1314 2021; x_wconf 80' lang='lat' dir='ltr'>a.</span> <span class='ocrx_word' id='word_1_260' title='bbox 1331 1961 1384 2020; x_wconf 84' lang='grc' dir='ltr'>Τὸν</span> <span class='ocrx_word' id='word_1_261' title='bbox 1400 1961 1555 2032; x_wconf 84' lang='grc' dir='ltr'>λυπήσαντα</span> <span class='ocrx_word' id='word_1_262' title='bbox 1573 1955 1628 2035; x_wconf 80' lang='grc' dir='ltr'>οῦν]</span> <span class='ocrx_word' id='word_1_263' title='bbox 1648 1963 1692 2022; x_wconf 84' lang='grc' dir='ltr'>τὸν</span> <span class='ocrx_word' id='word_1_264' title='bbox 1814 1981 1819 1992; x_wconf 85' lang='grc'><strong>’</strong></span> 
     </span>
     <span class='ocr_line' id='line_1_20' title="bbox 36 2044 1694 2131; baseline 0 -23"><span class='ocrx_word' id='word_1_265' title='bbox 36 2104 39 2108; x_wconf 40' lang='grc'>.</span> <span class='ocrx_word' id='word_1_266' title='bbox 97 2055 168 2114; x_wconf 90' lang='grc' dir='ltr'>νίσαι</span> <span class='ocrx_word' id='word_1_267' title='bbox 181 2054 280 2131; x_wconf 75' lang='grc' dir='ltr'>μᾶλλον</span> <span class='ocrx_word' id='word_1_268' title='bbox 293 2054 344 2109; x_wconf 88' lang='grc' dir='ltr'>τῶν</span> <span class='ocrx_word' id='word_1_269' title='bbox 356 2053 478 2129; x_wconf 81' lang='grc' dir='ltr'>χρηστῶν</span> <span class='ocrx_word' id='word_1_270' title='bbox 492 2047 550 2107; x_wconf 85' lang='grc' dir='ltr'>τινά</span> <span class='ocrx_word' id='word_1_271' title='bbox 565 2048 610 2106; x_wconf 85' lang='grc' dir='ltr'>καί</span> <span class='ocrx_word' id='word_1_272' title='bbox 623 2047 734 2129; x_wconf 82' lang='grc' dir='ltr'>ἐξευρεῖν</span> <span class='ocrx_word' id='word_1_273' title='bbox 746 2044 793 2119; x_wconf 78' lang='grc' dir='ltr'>τὴν</span> <span class='ocrx_word' id='word_1_274' title='bbox 810 2046 876 2116; x_wconf 87' lang='grc' dir='ltr'>ἀλή-</span> <span class='ocrx_word' id='word_1_275' title='bbox 916 2045 1076 2127; x_wconf 73' lang='grc' dir='ltr'>Ἵππαρχον.</span> <span class='ocrx_word' id='word_1_276' title='bbox 1087 2089 1117 2100; x_wconf 96' lang='grc'>-</span> <span class='ocrx_word' id='word_1_277' title='bbox 1127 2070 1148 2109; x_wconf 83' lang='grc' dir='ltr'>ε.</span> <span class='ocrx_word' id='word_1_278' title='bbox 1161 2051 1201 2109; x_wconf 81' lang='grc' dir='ltr'>Οὐ</span> <span class='ocrx_word' id='word_1_279' title='bbox 1214 2048 1308 2130; x_wconf 72' lang='grc' dir='ltr'>ῥᾳδίως</span> <span class='ocrx_word' id='word_1_280' title='bbox 1317 2048 1427 2119; x_wconf 80' lang='grc' dir='ltr'>διετέθη]</span> <span class='ocrx_word' id='word_1_281' title='bbox 1438 2048 1496 2119; x_wconf 83' lang='grc' dir='ltr'>ήτοι</span> <span class='ocrx_word' id='word_1_282' title='bbox 1506 2051 1631 2129; x_wconf 76' lang='grc' dir='ltr'>χαλεπῶς</span> <span class='ocrx_word' id='word_1_283' title='bbox 1641 2053 1694 2109; x_wconf 85' lang='grc' dir='ltr'>διε·</span> 
     </span>
     <span class='ocr_line' id='line_1_21' title="bbox 14 2133 1735 2218; baseline -0.002 -18"><span class='ocrx_word' id='word_1_284' title='bbox 14 2150 20 2159; x_wconf 93' lang='grc'><em>“</em></span> <span class='ocrx_word' id='word_1_285' title='bbox 55 2139 226 2214; x_wconf 73' lang='grc' dir='ltr'>εοθειαν,ή,</span> <span class='ocrx_word' id='word_1_286' title='bbox 240 2137 283 2196; x_wconf 81' lang='grc' dir='ltr'>διὸ</span> <span class='ocrx_word' id='word_1_287' title='bbox 300 2136 330 2196; x_wconf 87' lang='grc' dir='ltr'>τδ</span> <span class='ocrx_word' id='word_1_288' title='bbox 343 2136 380 2213; x_wconf 78' lang='grc' dir='ltr'>μή</span> <span class='ocrx_word' id='word_1_289' title='bbox 395 2134 525 2194; x_wconf 88' lang='grc' dir='ltr'>πιστεύειν</span> <span class='ocrx_word' id='word_1_290' title='bbox 537 2140 591 2202; x_wconf 81' lang='grc' dir='ltr'>τοῖς</span> <span class='ocrx_word' id='word_1_291' title='bbox 604 2143 725 2212; x_wconf 88' lang='grc' dir='ltr'>πονηροῖς</span> <span class='ocrx_word' id='word_1_292' title='bbox 737 2138 877 2211; x_wconf 88' lang='grc' dir='ltr'>μηνυταῖς,</span> <span class='ocrx_word' id='word_1_293' title='bbox 917 2133 1022 2207; x_wconf 74' lang='grc' dir='ltr'>τε’θη,θΙ</span> <span class='ocrx_word' id='word_1_294' title='bbox 1044 2139 1073 2193; x_wconf 83' lang='grc' dir='ltr'>οὐ</span> <span class='ocrx_word' id='word_1_295' title='bbox 1089 2136 1182 2218; x_wconf 60' lang='grc' dir='ltr'>ῥηιδίως</span> <span class='ocrx_word' id='word_1_296' title='bbox 1204 2134 1262 2194; x_wconf 71' lang='grc' dir='ltr'>οὐδὲ</span> <span class='ocrx_word' id='word_1_297' title='bbox 1286 2133 1398 2202; x_wconf 83' lang='grc' dir='ltr'>εθκολως</span> <span class='ocrx_word' id='word_1_298' title='bbox 1423 2136 1544 2216; x_wconf 76' lang='grc' dir='ltr'>ἀνῃρέθη.</span> <span class='ocrx_word' id='word_1_299' title='bbox 1560 2137 1641 2214; x_wconf 84' lang='grc' dir='ltr'>ήγουν</span> <span class='ocrx_word' id='word_1_300' title='bbox 1663 2137 1692 2196; x_wconf 82' lang='grc' dir='ltr'>ού</span> <span class='ocrx_word' id='word_1_301' title='bbox 1707 2158 1735 2197; x_wconf 79' lang='grc' dir='ltr'>ιο</span> 
     </span>
     <span class='ocr_line' id='line_1_22' title="bbox 98 2221 1574 2307; baseline -0.004 -19"><span class='ocrx_word' id='word_1_302' title='bbox 98 2229 158 2295; x_wconf 83' lang='grc' dir='ltr'>τοὺς</span> <span class='ocrx_word' id='word_1_303' title='bbox 172 2231 198 2287; x_wconf 78' lang='grc' dir='ltr'>ἐν</span> <span class='ocrx_word' id='word_1_304' title='bbox 219 2226 290 2307; x_wconf 79' lang='grc' dir='ltr'>αίτίφι</span> <span class='ocrx_word' id='word_1_305' title='bbox 310 2223 461 2304; x_wconf 85' lang='grc' dir='ltr'>γενομένους</span> <span class='ocrx_word' id='word_1_306' title='bbox 483 2225 613 2294; x_wconf 82' lang='grc' dir='ltr'>ἀπολῦσαι</span> <span class='ocrx_word' id='word_1_307' title='bbox 634 2222 815 2290; x_wconf 75' lang='grc' dir='ltr'>ἀνεξετάστως.</span> <span class='ocrx_word' id='word_1_308' title='bbox 839 2256 876 2267; x_wconf 97' lang='grc'>-</span> <span class='ocrx_word' id='word_1_309' title='bbox 918 2221 1029 2281; x_wconf 88' lang='grc' dir='ltr'>διάθεσιν</span> <span class='ocrx_word' id='word_1_310' title='bbox 1041 2226 1172 2303; x_wconf 90' lang='grc' dir='ltr'>τιμωριῶν</span> <span class='ocrx_word' id='word_1_311' title='bbox 1186 2222 1334 2300; x_wconf 80' lang='grc' dir='ltr'>ἐλάμῦανεν</span> <span class='ocrx_word' id='word_1_312' title='bbox 1348 2222 1438 2304; x_wconf 65' lang='grc' dir='ltr'>ῥᾳδίαν</span> <span class='ocrx_word' id='word_1_313' title='bbox 1453 2227 1574 2301; x_wconf 85' lang='grc' dir='ltr'>ἐνεγκεῖν.</span> 
     </span>
     <span class='ocr_line' id='line_1_23' title="bbox 98 2307 1692 2391; baseline -0.005 -14"><span class='ocrx_word' id='word_1_314' title='bbox 98 2336 121 2377; x_wconf 73' lang='grc' dir='ltr'>α.</span> <span class='ocrx_word' id='word_1_315' title='bbox 136 2314 335 2390; x_wconf 80' lang='grc' dir='ltr'>’Ππιστάμενοις</span> <span class='ocrx_word' id='word_1_316' title='bbox 352 2309 429 2391; x_wconf 86' lang='grc' dir='ltr'>γάρὸ</span> <span class='ocrx_word' id='word_1_317' title='bbox 444 2313 525 2388; x_wconf 83' lang='grc' dir='ltr'>δῆμος</span> <span class='ocrx_word' id='word_1_318' title='bbox 538 2314 615 2389; x_wconf 83' lang='grc' dir='ltr'>ἀκοῇ]</span> <span class='ocrx_word' id='word_1_319' title='bbox 629 2315 723 2388; x_wconf 91' lang='grc' dir='ltr'>γνῶσιν</span> <span class='ocrx_word' id='word_1_320' title='bbox 736 2310 837 2389; x_wconf 76' lang='grc' dir='ltr'>ἔχοντες</span> <span class='ocrx_word' id='word_1_321' title='bbox 852 2309 877 2378; x_wconf 78' lang='grc' dir='ltr'>ἐξ</span> <span class='ocrx_word' id='word_1_322' title='bbox 956 2312 1059 2371; x_wconf 85' lang='lat' dir='ltr'><strong>LVlll.</strong></span> <span class='ocrx_word' id='word_1_323' title='bbox 1083 2308 1257 2388; x_wconf 70' lang='grc' dir='ltr'>’ἀγγελθέντος</span> <span class='ocrx_word' id='word_1_324' title='bbox 1267 2309 1317 2371; x_wconf 86' lang='grc' dir='ltr'>δέ..</span> <span class='ocrx_word' id='word_1_325' title='bbox 1330 2318 1339 2382; x_wconf 97' lang='grc'>]</span> <span class='ocrx_word' id='word_1_326' title='bbox 1357 2315 1374 2380; x_wconf 83' lang='grc' dir='ltr'>ἡ</span> <span class='ocrx_word' id='word_1_327' title='bbox 1390 2310 1504 2369; x_wconf 88' lang='grc' dir='ltr'>διάνοια·</span> <span class='ocrx_word' id='word_1_328' title='bbox 1520 2307 1635 2383; x_wconf 88' lang='grc' dir='ltr'>Ἱππίας,</span> <span class='ocrx_word' id='word_1_329' title='bbox 1648 2314 1692 2391; x_wconf 89' lang='grc' dir='ltr'>ἀγ-</span> 
     </span>
     <span class='ocr_line' id='line_1_24' title="bbox 70 2389 1694 2479; baseline -0.002 -19"><span class='ocrx_word' id='word_1_330' title='bbox 70 2389 76 2401; x_wconf 53' lang='lat'>⁵</span> <span class='ocrx_word' id='word_1_331' title='bbox 99 2407 189 2474; x_wconf 79' lang='grc' dir='ltr'>ἀκοῆς.</span> <span class='ocrx_word' id='word_1_332' title='bbox 200 2435 238 2447; x_wconf 90' lang='grc'><strong>-</strong></span> <span class='ocrx_word' id='word_1_333' title='bbox 251 2400 435 2477; x_wconf 89' lang='grc' dir='ltr'>Τελευτῶσαν]</span> <span class='ocrx_word' id='word_1_334' title='bbox 446 2401 535 2465; x_wconf 84' lang='grc' dir='ltr'>ἐντοῖς</span> <span class='ocrx_word' id='word_1_335' title='bbox 549 2397 704 2464; x_wconf 85' lang='grc' dir='ltr'>τελευταίοις</span> <span class='ocrx_word' id='word_1_336' title='bbox 718 2396 828 2478; x_wconf 80' lang='grc' dir='ltr'>χρόνοις.</span> <span class='ocrx_word' id='word_1_337' title='bbox 839 2432 877 2442; x_wconf 97' lang='grc'>-</span> <span class='ocrx_word' id='word_1_338' title='bbox 918 2396 1049 2475; x_wconf 87' lang='grc' dir='ltr'>γελθέντος</span> <span class='ocrx_word' id='word_1_339' title='bbox 1063 2400 1132 2479; x_wconf 81' lang='grc' dir='ltr'>αὐτῷ</span> <span class='ocrx_word' id='word_1_340' title='bbox 1148 2402 1193 2455; x_wconf 91' lang='grc' dir='ltr'>τοῦ</span> <span class='ocrx_word' id='word_1_341' title='bbox 1210 2398 1376 2478; x_wconf 88' lang='grc' dir='ltr'>πράγματος,</span> <span class='ocrx_word' id='word_1_342' title='bbox 1391 2398 1509 2456; x_wconf 80' lang='grc' dir='ltr'>ίθάδισεν</span> <span class='ocrx_word' id='word_1_343' title='bbox 1524 2401 1571 2457; x_wconf 84' lang='grc' dir='ltr'>οῦκ</span> <span class='ocrx_word' id='word_1_344' title='bbox 1591 2399 1636 2458; x_wconf 79' lang='grc' dir='ltr'>ἀτί</span> <span class='ocrx_word' id='word_1_345' title='bbox 1649 2400 1694 2458; x_wconf 87' lang='grc' dir='ltr'>τὸν</span> 
     </span>
     <span class='ocr_line' id='line_1_25' title="bbox 99 2484 1697 2571; baseline -0.003 -21"><span class='ocrx_word' id='word_1_346' title='bbox 99 2494 166 2553; x_wconf 84' lang='grc' dir='ltr'>Οὐδ’</span> <span class='ocrx_word' id='word_1_347' title='bbox 179 2491 221 2571; x_wconf 78' lang='grc' dir='ltr'>ὑφ’</span> <span class='ocrx_word' id='word_1_348' title='bbox 236 2492 346 2560; x_wconf 72' lang='grc' dir='ltr'>ἑαυτῶν]</span> <span class='ocrx_word' id='word_1_349' title='bbox 361 2485 419 2546; x_wconf 87' lang='grc' dir='ltr'>οῦτε</span> <span class='ocrx_word' id='word_1_350' title='bbox 434 2485 484 2544; x_wconf 83' lang='grc' dir='ltr'>ῦπὸ</span> <span class='ocrx_word' id='word_1_351' title='bbox 497 2486 638 2557; x_wconf 87' lang='grc' dir='ltr'>Ἀθηναίων</span> <span class='ocrx_word' id='word_1_352' title='bbox 652 2490 738 2565; x_wconf 82' lang='grc' dir='ltr'>κοινῇ,</span> <span class='ocrx_word' id='word_1_353' title='bbox 755 2484 814 2544; x_wconf 83' lang='grc' dir='ltr'>οὔτε</span> <span class='ocrx_word' id='word_1_354' title='bbox 827 2485 878 2544; x_wconf 82' lang='grc' dir='ltr'>ὁπδ</span> <span class='ocrx_word' id='word_1_355' title='bbox 918 2485 1055 2562; x_wconf 87' lang='grc' dir='ltr'>γενόμενον</span> <span class='ocrx_word' id='word_1_356' title='bbox 1067 2485 1155 2566; x_wconf 86' lang='grc' dir='ltr'>φόνον,</span> <span class='ocrx_word' id='word_1_357' title='bbox 1173 2486 1230 2543; x_wconf 85' lang='grc' dir='ltr'>ἀλλ’</span> <span class='ocrx_word' id='word_1_358' title='bbox 1250 2485 1293 2543; x_wconf 83' lang='grc' dir='ltr'>ἐπί</span> <span class='ocrx_word' id='word_1_359' title='bbox 1314 2484 1373 2563; x_wconf 81' lang='grc' dir='ltr'>τοὺς</span> <span class='ocrx_word' id='word_1_360' title='bbox 1387 2485 1494 2552; x_wconf 79' lang='grc' dir='ltr'>ὁπλίτας</span> <span class='ocrx_word' id='word_1_361' title='bbox 1512 2485 1586 2544; x_wconf 86' lang='grc' dir='ltr'>οῦπω</span> <span class='ocrx_word' id='word_1_362' title='bbox 1600 2487 1697 2546; x_wconf 77' lang='grc' dir='ltr'>αἰσθα-</span> 
     </span>
     <span class='ocr_line' id='line_1_26' title="bbox 60 2571 1737 2660; baseline 0.001 -26"><span class='ocrx_word' id='word_1_363' title='bbox 60 2594 87 2634; x_wconf 72' lang='grc' dir='ltr'>εε</span> <span class='ocrx_word' id='word_1_364' title='bbox 101 2579 237 2660; x_wconf 76' lang='grc' dir='ltr'>Ἁρμοδίου</span> <span class='ocrx_word' id='word_1_365' title='bbox 251 2576 297 2634; x_wconf 86' lang='grc' dir='ltr'>καί</span> <span class='ocrx_word' id='word_1_366' title='bbox 307 2571 529 2655; x_wconf 79' lang='grc' dir='ltr'>Ἀριστογείτονος.</span> <span class='ocrx_word' id='word_1_367' title='bbox 597 2617 604 2633; x_wconf 86' lang='grc'>.</span> <span class='ocrx_word' id='word_1_368' title='bbox 918 2572 1047 2651; x_wconf 81' lang='grc' dir='ltr'>νομένυυς.</span> <span class='ocrx_word' id='word_1_369' title='bbox 1061 2617 1093 2631; x_wconf 88' lang='grc'>..</span> <span class='ocrx_word' id='word_1_370' title='bbox 1104 2572 1235 2654; x_wconf 80' lang='grc' dir='ltr'>Πρότερον</span> <span class='ocrx_word' id='word_1_371' title='bbox 1249 2572 1266 2644; x_wconf 75' lang='grc' dir='ltr'>ἢ</span> <span class='ocrx_word' id='word_1_372' title='bbox 1282 2572 1425 2645; x_wconf 79' lang='grc' dir='ltr'>αἰσθέσθαι]</span> <span class='ocrx_word' id='word_1_373' title='bbox 1444 2573 1502 2644; x_wconf 86' lang='grc' dir='ltr'>ήτοι</span> <span class='ocrx_word' id='word_1_374' title='bbox 1516 2572 1590 2633; x_wconf 83' lang='grc' dir='ltr'>οὔπω</span> <span class='ocrx_word' id='word_1_375' title='bbox 1608 2580 1693 2656; x_wconf 80' lang='grc' dir='ltr'>ᾐσθη·</span> <span class='ocrx_word' id='word_1_376' title='bbox 1711 2595 1737 2638; x_wconf 75' lang='grc' dir='ltr'>νε</span> 
     </span>
     <span class='ocr_line' id='line_1_27' title="bbox 140 2657 1698 2744; baseline -0.001 -19"><span class='ocrx_word' id='word_1_377' title='bbox 140 2667 214 2725; x_wconf 81' lang='lat' dir='ltr'>LIV.</span> <span class='ocrx_word' id='word_1_378' title='bbox 235 2663 275 2722; x_wconf 86' lang='grc' dir='ltr'>Δι’</span> <span class='ocrx_word' id='word_1_379' title='bbox 289 2659 415 2741; x_wconf 82' lang='grc' dir='ltr'>ἐρωτικήν</span> <span class='ocrx_word' id='word_1_380' title='bbox 427 2658 574 2738; x_wconf 75' lang='grc' dir='ltr'>ξυντυχίαν]</span> <span class='ocrx_word' id='word_1_381' title='bbox 585 2658 678 2739; x_wconf 87' lang='grc' dir='ltr'>ἔρωτος</span> <span class='ocrx_word' id='word_1_382' title='bbox 688 2657 829 2736; x_wconf 83' lang='grc' dir='ltr'>σύμῦασιν.</span> <span class='ocrx_word' id='word_1_383' title='bbox 841 2695 878 2704; x_wconf 96' lang='grc'>-</span> <span class='ocrx_word' id='word_1_384' title='bbox 920 2661 1003 2738; x_wconf 84' lang='grc' dir='ltr'>μένων</span> <span class='ocrx_word' id='word_1_385' title='bbox 1018 2661 1051 2720; x_wconf 87' lang='grc' dir='ltr'>τά</span> <span class='ocrx_word' id='word_1_386' title='bbox 1068 2661 1128 2741; x_wconf 86' lang='grc' dir='ltr'>περί</span> <span class='ocrx_word' id='word_1_387' title='bbox 1142 2661 1185 2719; x_wconf 84' lang='grc' dir='ltr'>τδν</span> <span class='ocrx_word' id='word_1_388' title='bbox 1202 2660 1353 2740; x_wconf 79' lang='grc' dir='ltr'>Ἵππαρχον</span> <span class='ocrx_word' id='word_1_389' title='bbox 1364 2665 1416 2720; x_wconf 91' lang='grc' dir='ltr'>τῶν</span> <span class='ocrx_word' id='word_1_390' title='bbox 1430 2658 1478 2732; x_wconf 82' lang='grc' dir='ltr'>τήν</span> <span class='ocrx_word' id='word_1_391' title='bbox 1498 2659 1608 2738; x_wconf 79' lang='grc' dir='ltr'>πομπὴν</span> <span class='ocrx_word' id='word_1_392' title='bbox 1628 2688 1698 2744; x_wconf 89' lang='grc' dir='ltr'>πεμ-</span> 
     </span>
     <span class='ocr_line' id='line_1_28' title="bbox 101 2738 1697 2831; baseline -0.001 -19"><span class='ocrx_word' id='word_1_393' title='bbox 101 2751 290 2831; x_wconf 82' lang='grc' dir='ltr'>Ἐπεχειρήθη]</span> <span class='ocrx_word' id='word_1_394' title='bbox 303 2747 444 2824; x_wconf 87' lang='grc' dir='ltr'>ἐτολμήθη.</span> <span class='ocrx_word' id='word_1_395' title='bbox 460 2781 500 2792; x_wconf 88' lang='lat'><em>-</em></span> <span class='ocrx_word' id='word_1_396' title='bbox 519 2746 661 2807; x_wconf 81' lang='grc' dir='ltr'>Ἔπιπλέον</span> <span class='ocrx_word' id='word_1_397' title='bbox 676 2747 877 2826; x_wconf 87' lang='grc' dir='ltr'>διηγησάμενος]</span> <span class='ocrx_word' id='word_1_398' title='bbox 918 2747 1018 2807; x_wconf 89' lang='grc' dir='ltr'>πὸντων</span> <span class='ocrx_word' id='word_1_399' title='bbox 1033 2751 1155 2821; x_wconf 89' lang='grc' dir='ltr'>ὁπλιτῶν,</span> <span class='ocrx_word' id='word_1_400' title='bbox 1167 2746 1210 2806; x_wconf 85' lang='grc' dir='ltr'>δεδι</span> <span class='ocrx_word' id='word_1_401' title='bbox 1230 2747 1260 2806; x_wconf 84' lang='grc' dir='ltr'>τὸ</span> <span class='ocrx_word' id='word_1_402' title='bbox 1274 2747 1377 2805; x_wconf 78' lang='grc' dir='ltr'>ἄπωθεν</span> <span class='ocrx_word' id='word_1_403' title='bbox 1390 2738 1465 2811; x_wconf 75' lang='grc' dir='ltr'>εἶναι.</span> <span class='ocrx_word' id='word_1_404' title='bbox 1480 2783 1518 2795; x_wconf 95' lang='grc'><strong>-</strong></span> <span class='ocrx_word' id='word_1_405' title='bbox 1533 2749 1646 2820; x_wconf 66' lang='grc' dir='ltr'>’ἀδήλως</span> <span class='ocrx_word' id='word_1_406' title='bbox 1663 2752 1697 2831; x_wconf 83' lang='grc' dir='ltr'>τῇ</span> 
     </span>
     <span class='ocr_line' id='line_1_29' title="bbox 101 2829 1698 2920; baseline 0.001 -23"><span class='ocrx_word' id='word_1_407' title='bbox 101 2838 251 2920; x_wconf 75' lang='grc' dir='ltr'>μακροτέρα</span> <span class='ocrx_word' id='word_1_408' title='bbox 276 2835 398 2914; x_wconf 78' lang='grc' dir='ltr'>διηγήσει</span> <span class='ocrx_word' id='word_1_409' title='bbox 417 2834 592 2915; x_wconf 86' lang='grc' dir='ltr'>χρησάμενος.</span> <span class='ocrx_word' id='word_1_410' title='bbox 605 2832 763 2914; x_wconf 78' lang='grc' dir='ltr'>-α.Ὦρηι</span> <span class='ocrx_word' id='word_1_411' title='bbox 777 2834 880 2905; x_wconf 83' lang='grc' dir='ltr'>ἡλικίας</span> <span class='ocrx_word' id='word_1_412' title='bbox 919 2836 976 2917; x_wconf 81' lang='grc' dir='ltr'>ὄψει</span> <span class='ocrx_word' id='word_1_413' title='bbox 1003 2836 1180 2914; x_wconf 91' lang='grc' dir='ltr'>πλασάμενος]</span> <span class='ocrx_word' id='word_1_414' title='bbox 1207 2835 1412 2914; x_wconf 70' lang='grc' dir='ltr'>ὑποκρινάμενος</span> <span class='ocrx_word' id='word_1_415' title='bbox 1437 2836 1544 2917; x_wconf 89' lang='grc' dir='ltr'>φαιδρὸς</span> <span class='ocrx_word' id='word_1_416' title='bbox 1567 2829 1634 2897; x_wconf 79' lang='grc' dir='ltr'>ι’ίναι</span> <span class='ocrx_word' id='word_1_417' title='bbox 1660 2844 1698 2920; x_wconf 79' lang='grc' dir='ltr'>τῷ</span> 
     </span>
     <span class='ocr_line' id='line_1_30' title="bbox 100 2920 1696 3007; baseline 0 -23"><span class='ocrx_word' id='word_1_418' title='bbox 100 2929 234 3007; x_wconf 88' lang='grc' dir='ltr'>λαμπροῦ]</span> <span class='ocrx_word' id='word_1_419' title='bbox 253 2920 458 3004; x_wconf 77' lang='grc' dir='ltr'>ἐπιφανεστάτου</span> <span class='ocrx_word' id='word_1_420' title='bbox 470 2924 496 2980; x_wconf 90' lang='grc' dir='ltr'>ἐν</span> <span class='ocrx_word' id='word_1_421' title='bbox 510 2944 543 3000; x_wconf 85' lang='grc' dir='ltr'>τῃ</span> <span class='ocrx_word' id='word_1_422' title='bbox 556 2923 639 3001; x_wconf 81' lang='grc' dir='ltr'>ἀκμῇ.</span> <span class='ocrx_word' id='word_1_423' title='bbox 653 2955 693 2966; x_wconf 92' lang='grc'>-</span> <span class='ocrx_word' id='word_1_424' title='bbox 707 2920 793 2986; x_wconf 85' lang='grc' dir='ltr'>Μέσος</span> <span class='ocrx_word' id='word_1_425' title='bbox 806 2920 880 2978; x_wconf 88' lang='grc' dir='ltr'>πολί·</span> <span class='ocrx_word' id='word_1_426' title='bbox 919 2923 1055 3004; x_wconf 78' lang='grc' dir='ltr'>προςώπφν.</span> <span class='ocrx_word' id='word_1_427' title='bbox 1068 2925 1147 3002; x_wconf 82' lang='grc' dir='ltr'>ἤγουν</span> <span class='ocrx_word' id='word_1_428' title='bbox 1162 2921 1308 3001; x_wconf 64' lang='grc' dir='ltr'>ἀσύγγυτον</span> <span class='ocrx_word' id='word_1_429' title='bbox 1324 2922 1372 2994; x_wconf 75' lang='grc' dir='ltr'>τήν</span> <span class='ocrx_word' id='word_1_430' title='bbox 1386 2927 1479 2982; x_wconf 78' lang='grc' dir='ltr'>ἑαυτοῦ</span> <span class='ocrx_word' id='word_1_431' title='bbox 1493 2925 1553 3005; x_wconf 75' lang='grc' dir='ltr'>ὄψιν</span> <span class='ocrx_word' id='word_1_432' title='bbox 1569 2928 1696 3006; x_wconf 77' lang='grc' dir='ltr'>τηρήσας,</span> 
     </span>
     <span class='ocr_line' id='line_1_31' title="bbox 63 3007 1738 3092; baseline -0.008 -10"><span class='ocrx_word' id='word_1_433' title='bbox 63 3033 90 3073; x_wconf 77' lang='lat'>⁸⁰</span> <span class='ocrx_word' id='word_1_434' title='bbox 101 3021 158 3086; x_wconf 67' lang='grc' dir='ltr'>της]</span> <span class='ocrx_word' id='word_1_435' title='bbox 171 3012 229 3071; x_wconf 73' lang='grc' dir='ltr'>Οὗτῑ</span> <span class='ocrx_word' id='word_1_436' title='bbox 244 3008 371 3091; x_wconf 69' lang='grc' dir='ltr'>ίπῑφανῆς</span> <span class='ocrx_word' id='word_1_437' title='bbox 385 3008 503 3081; x_wconf 62' lang='grc' dir='ltr'>δηλῡνότῑ</span> <span class='ocrx_word' id='word_1_438' title='bbox 515 3007 573 3067; x_wconf 66' lang='grc' dir='ltr'>θῦῖῑ</span> <span class='ocrx_word' id='word_1_439' title='bbox 589 3007 732 3076; x_wconf 61' lang='grc' dir='ltr'>ἅδθίῡςι-</span> <span class='ocrx_word' id='word_1_440' title='bbox 744 3027 766 3066; x_wconf 80' lang='grc' dir='ltr'>α.</span> <span class='ocrx_word' id='word_1_441' title='bbox 777 3011 879 3088; x_wconf 90' lang='grc' dir='ltr'>Πειρα-</span> <span class='ocrx_word' id='word_1_442' title='bbox 919 3011 964 3071; x_wconf 87' lang='grc' dir='ltr'>καί</span> <span class='ocrx_word' id='word_1_443' title='bbox 978 3010 1015 3089; x_wconf 82' lang='grc' dir='ltr'>μή</span> <span class='ocrx_word' id='word_1_444' title='bbox 1034 3009 1248 3092; x_wconf 85' lang='grc' dir='ltr'>ῦπεμφαίνουσαν</span> <span class='ocrx_word' id='word_1_445' title='bbox 1268 3010 1408 3089; x_wconf 86' lang='grc' dir='ltr'>τεκμήριον</span> <span class='ocrx_word' id='word_1_446' title='bbox 1430 3017 1476 3069; x_wconf 91' lang='grc' dir='ltr'>τοῦ</span> <span class='ocrx_word' id='word_1_447' title='bbox 1495 3012 1599 3078; x_wconf 88' lang='grc' dir='ltr'>πάθους.</span> <span class='ocrx_word' id='word_1_448' title='bbox 1620 3044 1655 3054; x_wconf 85' lang='grc'><strong>-</strong></span> <span class='ocrx_word' id='word_1_449' title='bbox 1673 3035 1696 3076; x_wconf 76' lang='grc' dir='ltr'>ε.</span> <span class='ocrx_word' id='word_1_450' title='bbox 1712 3033 1738 3073; x_wconf 80' lang='grc' dir='ltr'>το</span> 
     </span>
     <span class='ocr_line' id='line_1_32' title="bbox 102 3094 1698 3181; baseline -0.001 -21"><span class='ocrx_word' id='word_1_451' title='bbox 102 3100 163 3172; x_wconf 85' lang='grc' dir='ltr'>θείς]</span> <span class='ocrx_word' id='word_1_452' title='bbox 177 3096 302 3179; x_wconf 82' lang='grc' dir='ltr'>ίρωτικήν</span> <span class='ocrx_word' id='word_1_453' title='bbox 312 3103 405 3177; x_wconf 89' lang='grc' dir='ltr'>πεῖραν</span> <span class='ocrx_word' id='word_1_454' title='bbox 417 3094 667 3173; x_wconf 70' lang='grc' dir='ltr'>δεξάμενος-Τοῦ</span> <span class='ocrx_word' id='word_1_455' title='bbox 676 3095 880 3176; x_wconf 87' lang='grc' dir='ltr'>Πεισιστράτου]</span> <span class='ocrx_word' id='word_1_456' title='bbox 921 3099 1090 3172; x_wconf 73' lang='grc' dir='ltr'>’λ’πολαὸεῖν]</span> <span class='ocrx_word' id='word_1_457' title='bbox 1108 3097 1272 3181; x_wconf 74' lang='grc' dir='ltr'>ὑφαρπάσαι.</span> <span class='ocrx_word' id='word_1_458' title='bbox 1289 3137 1324 3147; x_wconf 91' lang='grc'><strong>-</strong></span> <span class='ocrx_word' id='word_1_459' title='bbox 1337 3097 1496 3176; x_wconf 76' lang='grc' dir='ltr'>Ἐξελίγετο]</span> <span class='ocrx_word' id='word_1_460' title='bbox 1511 3099 1570 3158; x_wconf 88' lang='grc' dir='ltr'>κατ’</span> <span class='ocrx_word' id='word_1_461' title='bbox 1589 3100 1698 3179; x_wconf 78' lang='grc' dir='ltr'>ἐκλογὴν</span> 
     </span>
     <span class='ocr_line' id='line_1_33' title="bbox 102 3182 1076 3266; baseline -0.008 -19"><span class='ocrx_word' id='word_1_462' title='bbox 102 3190 158 3247; x_wconf 80' lang='grc' dir='ltr'>υἱοῦ</span> <span class='ocrx_word' id='word_1_463' title='bbox 170 3184 296 3257; x_wconf 89' lang='grc' dir='ltr'>δηλονότι.</span> <span class='ocrx_word' id='word_1_464' title='bbox 306 3182 408 3242; x_wconf 86' lang='grc' dir='ltr'>-Καί</span> <span class='ocrx_word' id='word_1_465' title='bbox 421 3185 450 3242; x_wconf 85' lang='grc' dir='ltr'>οῦ</span> <span class='ocrx_word' id='word_1_466' title='bbox 464 3182 586 3254; x_wconf 88' lang='grc' dir='ltr'>πεισθείς]</span> <span class='ocrx_word' id='word_1_467' title='bbox 599 3184 671 3264; x_wconf 81' lang='grc' dir='ltr'>αὐτῷ</span> <span class='ocrx_word' id='word_1_468' title='bbox 683 3185 773 3262; x_wconf 84' lang='grc' dir='ltr'>ἐρῶντι</span> <span class='ocrx_word' id='word_1_469' title='bbox 785 3184 880 3253; x_wconf 80' lang='grc' dir='ltr'>δηλον-</span> <span class='ocrx_word' id='word_1_470' title='bbox 920 3188 1076 3266; x_wconf 70' lang='grc' dir='ltr'>ἐλάμὸανςν,</span> 
     </span>
     <span class='ocr_line' id='line_1_34' title="bbox 106 3267 1699 3354; baseline 0 -21"><span class='ocrx_word' id='word_1_471' title='bbox 106 3274 158 3335; x_wconf 90' lang='grc' dir='ltr'>ὁτι.</span> <span class='ocrx_word' id='word_1_472' title='bbox 175 3308 214 3320; x_wconf 94' lang='grc'><strong>-</strong></span> <span class='ocrx_word' id='word_1_473' title='bbox 238 3268 416 3352; x_wconf 87' lang='grc' dir='ltr'>Καταγορεθει</span> <span class='ocrx_word' id='word_1_474' title='bbox 440 3274 478 3351; x_wconf 82' lang='grc' dir='ltr'>τῷ</span> <span class='ocrx_word' id='word_1_475' title='bbox 500 3268 704 3348; x_wconf 82' lang='grc' dir='ltr'>Ἀριστογείτονι]</span> <span class='ocrx_word' id='word_1_476' title='bbox 732 3267 824 3346; x_wconf 83' lang='grc' dir='ltr'>μηνύει</span> <span class='ocrx_word' id='word_1_477' title='bbox 842 3273 881 3350; x_wconf 77' lang='grc' dir='ltr'>τῷ</span> <span class='ocrx_word' id='word_1_478' title='bbox 962 3277 1035 3335; x_wconf 79' lang='lat' dir='ltr'>ux.</span> <span class='ocrx_word' id='word_1_479' title='bbox 1058 3275 1108 3335; x_wconf 87' lang='grc' dir='ltr'>Ἐκ</span> <span class='ocrx_word' id='word_1_480' title='bbox 1130 3279 1175 3333; x_wconf 91' lang='grc' dir='ltr'>τοῦ</span> <span class='ocrx_word' id='word_1_481' title='bbox 1193 3276 1360 3354; x_wconf 78' lang='grc' dir='ltr'>παραχρῆμα</span> <span class='ocrx_word' id='word_1_482' title='bbox 1379 3275 1525 3354; x_wconf 86' lang='grc' dir='ltr'>περιδεοῦς]</span> <span class='ocrx_word' id='word_1_483' title='bbox 1545 3277 1575 3333; x_wconf 79' lang='grc' dir='ltr'>ίκ</span> <span class='ocrx_word' id='word_1_484' title='bbox 1595 3279 1639 3333; x_wconf 91' lang='grc' dir='ltr'>τοῦ</span> <span class='ocrx_word' id='word_1_485' title='bbox 1658 3277 1699 3333; x_wconf 77' lang='grc' dir='ltr'>εὖ·</span> 
     </span>
     <span class='ocr_line' id='line_1_35' title="bbox 103 3353 1700 3443; baseline -0.003 -19"><span class='ocrx_word' id='word_1_486' title='bbox 103 3362 202 3440; x_wconf 70' lang='grc' dir='ltr'>ἕραστῇ</span> <span class='ocrx_word' id='word_1_487' title='bbox 212 3363 300 3417; x_wconf 54' lang='lat'>²131&amp;-</span> <span class='ocrx_word' id='word_1_488' title='bbox 314 3390 352 3402; x_wconf 93' lang='grc'><strong>-</strong></span> <span class='ocrx_word' id='word_1_489' title='bbox 368 3356 517 3434; x_wconf 66' lang='grc' dir='ltr'>Ἐρωτῑκῶς</span> <span class='ocrx_word' id='word_1_490' title='bbox 529 3355 720 3436; x_wconf 62' lang='grc' dir='ltr'>περίαλΐθῦας]</span> <span class='ocrx_word' id='word_1_491' title='bbox 734 3353 881 3435; x_wconf 66' lang='grc' dir='ltr'>πῑρῑπθῑθὴς</span> <span class='ocrx_word' id='word_1_492' title='bbox 921 3360 984 3428; x_wconf 86' lang='grc' dir='ltr'>θίως</span> <span class='ocrx_word' id='word_1_493' title='bbox 997 3361 1078 3442; x_wconf 81' lang='grc' dir='ltr'>φόὸου</span> <span class='ocrx_word' id='word_1_494' title='bbox 1099 3361 1205 3420; x_wconf 76' lang='grc' dir='ltr'>καὶτοῦ</span> <span class='ocrx_word' id='word_1_495' title='bbox 1225 3359 1385 3443; x_wconf 81' lang='grc' dir='ltr'>φοθηθίντας</span> <span class='ocrx_word' id='word_1_496' title='bbox 1405 3359 1514 3434; x_wconf 81' lang='grc' dir='ltr'>αὐτούς,</span> <span class='ocrx_word' id='word_1_497' title='bbox 1527 3364 1562 3429; x_wconf 86' lang='grc' dir='ltr'>ῶς</span> <span class='ocrx_word' id='word_1_498' title='bbox 1582 3384 1700 3439; x_wconf 82' lang='grc' dir='ltr'>μεμηνυ-</span> 
     </span>
     <span class='ocr_line' id='line_1_36' title="bbox 64 3441 1740 3531; baseline -0.001 -18"><span class='ocrx_word' id='word_1_499' title='bbox 64 3446 215 3527; x_wconf 49' lang='lat' dir='ltr'>amman</span> <span class='ocrx_word' id='word_1_500' title='bbox 229 3446 272 3505; x_wconf 75' lang='grc' dir='ltr'>ἐπί</span> <span class='ocrx_word' id='word_1_501' title='bbox 288 3447 326 3525; x_wconf 77' lang='grc' dir='ltr'>τῷ</span> <span class='ocrx_word' id='word_1_502' title='bbox 340 3442 425 3523; x_wconf 70' lang='grc' dir='ltr'>ἔρωτι·</span> <span class='ocrx_word' id='word_1_503' title='bbox 444 3476 481 3487; x_wconf 98' lang='grc'>-</span> <span class='ocrx_word' id='word_1_504' title='bbox 503 3441 600 3522; x_wconf 80' lang='grc' dir='ltr'>Αὗτύν]</span> <span class='ocrx_word' id='word_1_505' title='bbox 615 3443 660 3501; x_wconf 83' lang='grc' dir='ltr'>τὸν</span> <span class='ocrx_word' id='word_1_506' title='bbox 678 3441 822 3523; x_wconf 77' lang='grc' dir='ltr'>Ἁρμόδιον.</span> <span class='ocrx_word' id='word_1_507' title='bbox 843 3476 879 3490; x_wconf 87' lang='grc'><strong>-</strong></span> <span class='ocrx_word' id='word_1_508' title='bbox 922 3450 1030 3528; x_wconf 80' lang='grc' dir='ltr'>μένους,</span> <span class='ocrx_word' id='word_1_509' title='bbox 1047 3449 1176 3531; x_wconf 77' lang='grc' dir='ltr'>ἀλογίστῳ</span> <span class='ocrx_word' id='word_1_510' title='bbox 1184 3449 1269 3527; x_wconf 78' lang='grc' dir='ltr'>τόλμῃ</span> <span class='ocrx_word' id='word_1_511' title='bbox 1282 3445 1543 3530; x_wconf 80' lang='grc' dir='ltr'>ἐπίτὸνἽππαρχον</span> <span class='ocrx_word' id='word_1_512' title='bbox 1559 3454 1694 3530; x_wconf 78' lang='grc' dir='ltr'>χωρῆσαι.</span> <span class='ocrx_word' id='word_1_513' title='bbox 1713 3473 1740 3511; x_wconf 76' lang='grc' dir='ltr'>το</span> 
     </span>
     <span class='ocr_line' id='line_1_37' title="bbox 105 3528 1702 3619; baseline -0.004 -17"><span class='ocrx_word' id='word_1_514' title='bbox 105 3534 152 3602; x_wconf 63' lang='grc' dir='ltr'>Ὡς</span> <span class='ocrx_word' id='word_1_515' title='bbox 163 3533 216 3593; x_wconf 67' lang='grc' dir='ltr'>ἀπὸ</span> <span class='ocrx_word' id='word_1_516' title='bbox 228 3537 275 3603; x_wconf 64' lang='grc' dir='ltr'>τῆς</span> <span class='ocrx_word' id='word_1_517' title='bbox 284 3529 453 3611; x_wconf 69' lang='grc' dir='ltr'>ὓπαρχθῦῦης</span> <span class='ocrx_word' id='word_1_518' title='bbox 462 3528 602 3603; x_wconf 61' lang='grc' dir='ltr'>ἀξιώσεως]</span> <span class='ocrx_word' id='word_1_519' title='bbox 613 3534 647 3597; x_wconf 73' lang='grc' dir='ltr'>ὥς</span> <span class='ocrx_word' id='word_1_520' title='bbox 661 3529 731 3589; x_wconf 56' lang='lat' dir='ltr'>w&amp;</span> <span class='ocrx_word' id='word_1_521' title='bbox 739 3528 787 3602; x_wconf 69' lang='grc' dir='ltr'>τὴν</span> <span class='ocrx_word' id='word_1_522' title='bbox 801 3528 882 3612; x_wconf 70' lang='grc' dir='ltr'>ὖπᾶρ·</span> <span class='ocrx_word' id='word_1_523' title='bbox 921 3583 951 3595; x_wconf 92' lang='grc'>..</span> <span class='ocrx_word' id='word_1_524' title='bbox 964 3557 987 3597; x_wconf 77' lang='lat'>2.</span> <span class='ocrx_word' id='word_1_525' title='bbox 1001 3535 1051 3596; x_wconf 83' lang='grc' dir='ltr'>Διά</span> <span class='ocrx_word' id='word_1_526' title='bbox 1063 3537 1174 3618; x_wconf 81' lang='grc' dir='ltr'>φάὸου...</span> <span class='ocrx_word' id='word_1_527' title='bbox 1190 3537 1238 3616; x_wconf 87' lang='grc' dir='ltr'>ῶν]</span> <span class='ocrx_word' id='word_1_528' title='bbox 1251 3537 1331 3615; x_wconf 85' lang='grc' dir='ltr'>ήγουν</span> <span class='ocrx_word' id='word_1_529' title='bbox 1343 3535 1510 3619; x_wconf 81' lang='grc' dir='ltr'>φοῦούμενος.</span> <span class='ocrx_word' id='word_1_530' title='bbox 1523 3583 1555 3597; x_wconf 90' lang='grc'>..</span> <span class='ocrx_word' id='word_1_531' title='bbox 1572 3537 1609 3599; x_wconf 86' lang='grc' dir='ltr'>Εί</span> <span class='ocrx_word' id='word_1_532' title='bbox 1623 3543 1702 3598; x_wconf 89' lang='grc' dir='ltr'>ποθεν</span> 
     </span>
     <span class='ocr_line' id='line_1_38' title="bbox 104 3609 1699 3707; baseline -0.001 -20"><span class='ocrx_word' id='word_1_533' title='bbox 104 3644 203 3702; x_wconf 58' lang='lat' dir='ltr'>xm*</span> <span class='ocrx_word' id='word_1_534' title='bbox 218 3622 288 3698; x_wconf 70' lang='grc' dir='ltr'>αὖτῷ</span> <span class='ocrx_word' id='word_1_535' title='bbox 301 3617 424 3695; x_wconf 56' lang='lat' dir='ltr'>&amp;dmm</span> <span class='ocrx_word' id='word_1_536' title='bbox 439 3609 471 3690; x_wconf 70' lang='grc' dir='ltr'>θν</span> <span class='ocrx_word' id='word_1_537' title='bbox 483 3617 534 3698; x_wconf 65' lang='grc' dir='ltr'>γὰρ</span> <span class='ocrx_word' id='word_1_538' title='bbox 545 3617 622 3695; x_wconf 66' lang='grc' dir='ltr'>μίσος</span> <span class='ocrx_word' id='word_1_539' title='bbox 633 3617 821 3690; x_wconf 43' lang='lat' dir='ltr'>wlffino-⁴.</span> <span class='ocrx_word' id='word_1_540' title='bbox 833 3619 881 3680; x_wconf 88' lang='grc' dir='ltr'>Ἐν</span> <span class='ocrx_word' id='word_1_541' title='bbox 922 3627 984 3707; x_wconf 89' lang='grc' dir='ltr'>ἀσφ.</span> <span class='ocrx_word' id='word_1_542' title='bbox 999 3632 1037 3697; x_wconf 92' lang='grc'>...]</span> <span class='ocrx_word' id='word_1_543' title='bbox 1053 3624 1077 3683; x_wconf 87' lang='grc' dir='ltr'>εί</span> <span class='ocrx_word' id='word_1_544' title='bbox 1085 3649 1124 3692; x_wconf 91' lang='grc' dir='ltr'>τις</span> <span class='ocrx_word' id='word_1_545' title='bbox 1136 3627 1207 3707; x_wconf 82' lang='grc' dir='ltr'>αὐτῷ</span> <span class='ocrx_word' id='word_1_546' title='bbox 1221 3624 1352 3707; x_wconf 83' lang='grc' dir='ltr'>ἀσφάλεια</span> <span class='ocrx_word' id='word_1_547' title='bbox 1364 3624 1463 3704; x_wconf 88' lang='grc' dir='ltr'>γίνοιτο</span> <span class='ocrx_word' id='word_1_548' title='bbox 1478 3624 1584 3685; x_wconf 85' lang='grc' dir='ltr'>ἐάσαντι</span> <span class='ocrx_word' id='word_1_549' title='bbox 1598 3624 1699 3697; x_wconf 79' lang='grc' dir='ltr'>τήντυ·</span> 
     </span>
     <span class='ocr_line' id='line_1_39' title="bbox 104 3704 1701 3794; baseline 0.001 -27"><span class='ocrx_word' id='word_1_550' title='bbox 104 3707 179 3788; x_wconf 81' lang='grc' dir='ltr'>τύπῳ</span> <span class='ocrx_word' id='word_1_551' title='bbox 195 3705 223 3765; x_wconf 85' lang='grc' dir='ltr'>δέ</span> <span class='ocrx_word' id='word_1_552' title='bbox 242 3728 292 3764; x_wconf 90' lang='grc' dir='ltr'>τινι</span> <span class='ocrx_word' id='word_1_553' title='bbox 308 3705 453 3785; x_wconf 65' lang='grc' dir='ltr'>ἀφανεῖ...]</span> <span class='ocrx_word' id='word_1_554' title='bbox 469 3708 622 3785; x_wconf 74' lang='grc' dir='ltr'>ἐμηχανᾶτο</span> <span class='ocrx_word' id='word_1_555' title='bbox 638 3704 725 3788; x_wconf 84' lang='grc' dir='ltr'>κρύφα</span> <span class='ocrx_word' id='word_1_556' title='bbox 743 3708 883 3786; x_wconf 80' lang='grc' dir='ltr'>πρατιηλα·</span> <span class='ocrx_word' id='word_1_557' title='bbox 923 3712 1038 3794; x_wconf 89' lang='grc' dir='ltr'>ραννίδα.</span> <span class='ocrx_word' id='word_1_558' title='bbox 1053 3755 1084 3766; x_wconf 87' lang='grc'>-</span> <span class='ocrx_word' id='word_1_559' title='bbox 1106 3732 1127 3771; x_wconf 84' lang='lat'>³.</span> <span class='ocrx_word' id='word_1_560' title='bbox 1149 3712 1370 3794; x_wconf 75' lang='grc' dir='ltr'>Ἀριστιύσαντος]</span> <span class='ocrx_word' id='word_1_561' title='bbox 1385 3712 1491 3794; x_wconf 86' lang='grc' dir='ltr'>ἀρίστου</span> <span class='ocrx_word' id='word_1_562' title='bbox 1509 3712 1701 3793; x_wconf 81' lang='grc' dir='ltr'>γενομένου...</span> 
     </span>
     <span class='ocr_line' id='line_1_40' title="bbox 104 3790 1702 3881; baseline -0.002 -18"><span class='ocrx_word' id='word_1_563' title='bbox 104 3794 178 3854; x_wconf 71' lang='grc' dir='ltr'>κίσαῑ</span> <span class='ocrx_word' id='word_1_564' title='bbox 191 3793 235 3852; x_wconf 65' lang='grc' dir='ltr'>τὸν</span> <span class='ocrx_word' id='word_1_565' title='bbox 252 3792 394 3873; x_wconf 58' lang='grc' dir='ltr'>Ἁρμόδιον,</span> <span class='ocrx_word' id='word_1_566' title='bbox 413 3795 446 3858; x_wconf 69' lang='grc' dir='ltr'>ὡς</span> <span class='ocrx_word' id='word_1_567' title='bbox 458 3792 492 3850; x_wconf 64' lang='grc' dir='ltr'>δι’</span> <span class='ocrx_word' id='word_1_568' title='bbox 506 3792 589 3861; x_wconf 66' lang='grc' dir='ltr'>ἄλλην</span> <span class='ocrx_word' id='word_1_569' title='bbox 603 3791 688 3850; x_wconf 53' lang='lat' dir='ltr'>“Hm</span> <span class='ocrx_word' id='word_1_570' title='bbox 703 3790 774 3862; x_wconf 62' lang='grc' dir='ltr'>τινὰ,</span> <span class='ocrx_word' id='word_1_571' title='bbox 791 3792 836 3851; x_wconf 69' lang='grc' dir='ltr'>καί</span> <span class='ocrx_word' id='word_1_572' title='bbox 852 3795 882 3852; x_wconf 73' lang='grc' dir='ltr'><strong>θῦ</strong></span> <span class='ocrx_word' id='word_1_573' title='bbox 922 3799 1036 3872; x_wconf 86' lang='grc' dir='ltr'>Ἱππίου]</span> <span class='ocrx_word' id='word_1_574' title='bbox 1051 3798 1191 3880; x_wconf 85' lang='grc' dir='ltr'>θυγατέρα.</span> <span class='ocrx_word' id='word_1_575' title='bbox 1209 3836 1241 3846; x_wconf 96' lang='grc'><strong>-</strong></span> <span class='ocrx_word' id='word_1_576' title='bbox 1258 3801 1446 3881; x_wconf 85' lang='grc' dir='ltr'>’Λτασθαλίην]</span> <span class='ocrx_word' id='word_1_577' title='bbox 1468 3801 1619 3875; x_wconf 83' lang='grc' dir='ltr'>αὐθάδειαν,</span> <span class='ocrx_word' id='word_1_578' title='bbox 1639 3803 1702 3860; x_wconf 88' lang='grc' dir='ltr'>ἀλα·</span> 
     </span>
     <span class='ocr_line' id='line_1_41' title="bbox 66 3878 1742 3970; baseline 0 -21"><span class='ocrx_word' id='word_1_579' title='bbox 66 3909 93 3949; x_wconf 81' lang='grc' dir='ltr'>ευ</span> <span class='ocrx_word' id='word_1_580' title='bbox 106 3882 150 3942; x_wconf 72' lang='grc' dir='ltr'>δῑθ</span> <span class='ocrx_word' id='word_1_581' title='bbox 161 3882 191 3941; x_wconf 70' lang='grc' dir='ltr'>τί)</span> <span class='ocrx_word' id='word_1_582' title='bbox 208 3880 244 3959; x_wconf 75' lang='grc' dir='ltr'>μθ</span> <span class='ocrx_word' id='word_1_583' title='bbox 259 3883 347 3959; x_wconf 62' lang='grc' dir='ltr'>τυχεῖν</span> <span class='ocrx_word' id='word_1_584' title='bbox 368 3881 456 3938; x_wconf 66' lang='grc' dir='ltr'>αὐτοῦ·</span> <span class='ocrx_word' id='word_1_585' title='bbox 472 3913 509 3924; x_wconf 90' lang='grc'>-</span> <span class='ocrx_word' id='word_1_586' title='bbox 523 3899 544 3940; x_wconf 72' lang='lat'>⁶·</span> <span class='ocrx_word' id='word_1_587' title='bbox 559 3878 755 3961; x_wconf 68' lang='grc' dir='ltr'>Ἇνῑπῑφθόνως]</span> <span class='ocrx_word' id='word_1_588' title='bbox 770 3881 799 3938; x_wconf 79' lang='grc' dir='ltr'>ῡῦ</span> <span class='ocrx_word' id='word_1_589' title='bbox 814 3903 883 3958; x_wconf 72' lang='grc' dir='ltr'>μεμ-</span> <span class='ocrx_word' id='word_1_590' title='bbox 923 3885 1178 3959; x_wconf 83' lang='grc' dir='ltr'>ζονείαν.-ι.Ἐτι]</span> <span class='ocrx_word' id='word_1_591' title='bbox 1189 3888 1269 3967; x_wconf 84' lang='grc' dir='ltr'>ήγουν</span> <span class='ocrx_word' id='word_1_592' title='bbox 1276 3888 1343 3966; x_wconf 85' lang='grc' dir='ltr'>μιτά</span> <span class='ocrx_word' id='word_1_593' title='bbox 1354 3889 1397 3949; x_wconf 72' lang='grc' dir='ltr'>τὀν</span> <span class='ocrx_word' id='word_1_594' title='bbox 1406 3888 1532 3969; x_wconf 83' lang='grc' dir='ltr'>φὸνοντοῦ</span> <span class='ocrx_word' id='word_1_595' title='bbox 1541 3888 1698 3970; x_wconf 85' lang='grc' dir='ltr'>Ἱππάρχου.</span> <span class='ocrx_word' id='word_1_596' title='bbox 1715 3913 1742 3949; x_wconf 86' lang='grc' dir='ltr'>ια</span> 
     </span>
     <span class='ocr_line' id='line_1_42' title="bbox 104 3965 1187 4052; baseline 0.002 -28"><span class='ocrx_word' id='word_1_597' title='bbox 104 3975 185 4037; x_wconf 79' lang='grc' dir='ltr'>πτῶς,</span> <span class='ocrx_word' id='word_1_598' title='bbox 200 4001 238 4013; x_wconf 97' lang='grc'>-</span> <span class='ocrx_word' id='word_1_599' title='bbox 258 3965 462 4038; x_wconf 82' lang='grc' dir='ltr'>Κατεστήσατο]</span> <span class='ocrx_word' id='word_1_600' title='bbox 478 3965 648 4037; x_wconf 84' lang='grc' dir='ltr'>εῦτάκτησεν.</span> <span class='ocrx_word' id='word_1_601' title='bbox 667 3999 704 4011; x_wconf 92' lang='grc'>-</span> <span class='ocrx_word' id='word_1_602' title='bbox 719 3966 784 4027; x_wconf 81' lang='grc' dir='ltr'>Ἐπί</span> <span class='ocrx_word' id='word_1_603' title='bbox 803 3970 881 4027; x_wconf 83' lang='grc' dir='ltr'>πλεῖ·</span> <span class='ocrx_word' id='word_1_604' title='bbox 922 4009 962 4019; x_wconf 91' lang='grc'>-</span> <span class='ocrx_word' id='word_1_605' title='bbox 975 3974 1187 4052; x_wconf 71' lang='grc' dir='ltr'>Ἀλκμαιωνιδῶν]</span> 
     </span>
     <span class='ocr_line' id='line_1_43' title="bbox 105 4051 1488 4136; baseline -0.002 -18"><span class='ocrx_word' id='word_1_606' title='bbox 105 4065 178 4130; x_wconf 90' lang='grc' dir='ltr'>στον]</span> <span class='ocrx_word' id='word_1_607' title='bbox 188 4055 280 4136; x_wconf 79' lang='grc' dir='ltr'>χρόνον</span> <span class='ocrx_word' id='word_1_608' title='bbox 290 4053 590 4134; x_wconf 84' lang='grc' dir='ltr'>δηλονότι.-Ἀρετήν]</span> <span class='ocrx_word' id='word_1_609' title='bbox 604 4051 883 4126; x_wconf 65' lang='grc' dir='ltr'>δικαιοσύνην-Εἰ·</span> <span class='ocrx_word' id='word_1_610' title='bbox 1428 4121 1440 4133; x_wconf 52' lang='grc'>,</span> <span class='ocrx_word' id='word_1_611' title='bbox 1483 4116 1488 4127; x_wconf 80' lang='grc'>,</span> 
     </span>
     <span class='ocr_line' id='line_1_44' title="bbox 105 4113 1528 4249; baseline -0.003 -46"><span class='ocrx_word' id='word_1_612' title='bbox 105 4143 215 4222; x_wconf 83' lang='grc' dir='ltr'>κοστήν]</span> <span class='ocrx_word' id='word_1_613' title='bbox 223 4146 324 4223; x_wconf 86' lang='grc' dir='ltr'>μοῖραν.</span> <span class='ocrx_word' id='word_1_614' title='bbox 332 4175 369 4186; x_wconf 97' lang='grc'>-</span> <span class='ocrx_word' id='word_1_615' title='bbox 382 4140 765 4222; x_wconf 85' lang='grc' dir='ltr'>Πρασσὸμενοι]ἀπαιτοῦντες.</span> <span class='ocrx_word' id='word_1_616' title='bbox 776 4141 884 4203; x_wconf 86' lang='grc' dir='ltr'>-Διί-</span> <span class='ocrx_word' id='word_1_617' title='bbox 984 4114 1070 4249; x_wconf 49' lang='grc' dir='ltr'>ἓογλέοί</span> <span class='ocrx_word' id='word_1_618' title='bbox 1080 4114 1160 4246; x_wconf 45' lang='lat'>&amp;7¹5</span> <span class='ocrx_word' id='word_1_619' title='bbox 1168 4113 1285 4233; x_wconf 31' lang='lat'>&amp;3⁰32</span> <span class='ocrx_word' id='word_1_620' title='bbox 1290 4116 1366 4233; x_wconf 47' lang='lat' dir='ltr'><strong>‚¹:⁶le</strong></span> <span class='ocrx_word' id='word_1_621' title='bbox 1375 4131 1455 4234; x_wconf 46' lang='grc' dir='ltr'>πίω]</span> <span class='ocrx_word' id='word_1_622' title='bbox 1464 4116 1528 4165; x_wconf 47' lang='grc' dir='ltr'>τῶν</span> 
     </span>
     <span class='ocr_line' id='line_1_45' title="bbox 105 4201 1463 4314; baseline 0 -24"><span class='ocrx_word' id='word_1_623' title='bbox 105 4238 193 4314; x_wconf 89' lang='grc' dir='ltr'>φερον]</span> <span class='ocrx_word' id='word_1_624' title='bbox 209 4229 319 4301; x_wconf 75' lang='grc' dir='ltr'>διήνυον.</span> <span class='ocrx_word' id='word_1_625' title='bbox 336 4260 372 4273; x_wconf 93' lang='lat'>-</span> <span class='ocrx_word' id='word_1_626' title='bbox 387 4249 408 4287; x_wconf 86' lang='grc' dir='ltr'>α.</span> <span class='ocrx_word' id='word_1_627' title='bbox 420 4227 596 4300; x_wconf 81' lang='grc' dir='ltr'>Τἀδὲἀλλα]</span> <span class='ocrx_word' id='word_1_628' title='bbox 609 4228 687 4288; x_wconf 87' lang='grc' dir='ltr'>κατά.</span> <span class='ocrx_word' id='word_1_629' title='bbox 703 4232 814 4297; x_wconf 88' lang='grc' dir='ltr'>-Τοῖς</span> <span class='ocrx_word' id='word_1_630' title='bbox 823 4231 883 4312; x_wconf 84' lang='grc' dir='ltr'>πρίν</span> <span class='ocrx_word' id='word_1_631' title='bbox 1047 4202 1080 4248; x_wconf 57' lang='grc' dir='ltr'>μα</span> <span class='ocrx_word' id='word_1_632' title='bbox 1143 4201 1172 4248; x_wconf 54' lang='grc' dir='ltr'>φ</span> <span class='ocrx_word' id='word_1_633' title='bbox 1313 4202 1375 4248; x_wconf 54' lang='lat' dir='ltr'><em>m</em></span> <span class='ocrx_word' id='word_1_634' title='bbox 1404 4203 1463 4249; x_wconf 50' lang='grc' dir='ltr'>ω’</span> 
     </span>
     <span class='ocr_line' id='line_1_46' title="bbox 66 4309 1700 4397; baseline -0.006 -20"><span class='ocrx_word' id='word_1_635' title='bbox 66 4341 93 4382; x_wconf 79' lang='grc' dir='ltr'>ιε</span> <span class='ocrx_word' id='word_1_636' title='bbox 106 4317 234 4395; x_wconf 82' lang='grc' dir='ltr'>κειμένοις</span> <span class='ocrx_word' id='word_1_637' title='bbox 257 4317 344 4393; x_wconf 85' lang='grc' dir='ltr'>νόμοις</span> <span class='ocrx_word' id='word_1_638' title='bbox 361 4317 467 4396; x_wconf 76' lang='grc' dir='ltr'>ἐχρῆτο]</span> <span class='ocrx_word' id='word_1_639' title='bbox 490 4316 706 4393; x_wconf 84' lang='grc' dir='ltr'>πολιτευομένοις.</span> <span class='ocrx_word' id='word_1_640' title='bbox 721 4355 752 4368; x_wconf 89' lang='lat'>-</span> <span class='ocrx_word' id='word_1_641' title='bbox 766 4316 885 4397; x_wconf 83' lang='grc' dir='ltr'>Ἐπεμί.</span> <span class='ocrx_word' id='word_1_642' title='bbox 923 4310 1158 4381; x_wconf 87' lang='grc' dir='ltr'>-Ὑπιίσπονδος]</span> <span class='ocrx_word' id='word_1_643' title='bbox 1170 4309 1369 4380; x_wconf 79' lang='grc' dir='ltr'>τοῑςἈθηναίοις</span> <span class='ocrx_word' id='word_1_644' title='bbox 1383 4311 1510 4382; x_wconf 89' lang='grc' dir='ltr'>δηλονότι.</span> <span class='ocrx_word' id='word_1_645' title='bbox 1520 4344 1557 4355; x_wconf 92' lang='grc'><strong>-</strong></span> <span class='ocrx_word' id='word_1_646' title='bbox 1569 4309 1700 4390; x_wconf 84' lang='grc' dir='ltr'>Ὡςβασι-</span> 
     </span>
     <span class='ocr_line' id='line_1_47' title="bbox 105 4397 1739 4484; baseline -0.006 -18"><span class='ocrx_word' id='word_1_647' title='bbox 105 4408 222 4478; x_wconf 86' lang='grc' dir='ltr'>λοντο...]</span> <span class='ocrx_word' id='word_1_648' title='bbox 240 4409 407 4484; x_wconf 89' lang='grc' dir='ltr'>προενοοῦντο</span> <span class='ocrx_word' id='word_1_649' title='bbox 426 4406 450 4461; x_wconf 81' lang='grc' dir='ltr'>οἱ</span> <span class='ocrx_word' id='word_1_650' title='bbox 468 4403 528 4484; x_wconf 83' lang='grc' dir='ltr'>περὶ</span> <span class='ocrx_word' id='word_1_651' title='bbox 547 4404 737 4484; x_wconf 87' lang='grc' dir='ltr'>Πεισίστρατον</span> <span class='ocrx_word' id='word_1_652' title='bbox 754 4404 817 4472; x_wconf 81' lang='grc' dir='ltr'>ῶςτε</span> <span class='ocrx_word' id='word_1_653' title='bbox 833 4409 884 4465; x_wconf 85' lang='grc' dir='ltr'>αίιί</span> <span class='ocrx_word' id='word_1_654' title='bbox 923 4400 970 4460; x_wconf 83' lang='grc' dir='ltr'>λέα</span> <span class='ocrx_word' id='word_1_655' title='bbox 985 4400 1104 4480; x_wconf 84' lang='grc' dir='ltr'>Δαρεῖον]</span> <span class='ocrx_word' id='word_1_656' title='bbox 1123 4402 1158 4465; x_wconf 84' lang='grc' dir='ltr'>ὡς</span> <span class='ocrx_word' id='word_1_657' title='bbox 1174 4397 1279 4465; x_wconf 88' lang='grc' dir='ltr'>Ἱππίας</span> <span class='ocrx_word' id='word_1_658' title='bbox 1297 4402 1311 4456; x_wconf 90' lang='grc' dir='ltr'>ὁ</span> <span class='ocrx_word' id='word_1_659' title='bbox 1329 4398 1469 4471; x_wconf 73' lang='grc' dir='ltr'>Ἀθηναίων</span> <span class='ocrx_word' id='word_1_660' title='bbox 1492 4397 1615 4478; x_wconf 88' lang='grc' dir='ltr'>τύραννος</span> <span class='ocrx_word' id='word_1_661' title='bbox 1635 4398 1698 4479; x_wconf 76' lang='grc' dir='ltr'>πρὸς</span> <span class='ocrx_word' id='word_1_662' title='bbox 1713 4431 1739 4474; x_wconf 66' lang='lat'>⁴⁶</span> 
     </span>
     <span class='ocr_line' id='line_1_48' title="bbox 105 4483 1191 4573; baseline -0.005 -23"><span class='ocrx_word' id='word_1_663' title='bbox 105 4515 165 4550; x_wconf 90' lang='grc' dir='ltr'>τινα</span> <span class='ocrx_word' id='word_1_664' title='bbox 176 4492 203 4560; x_wconf 80' lang='grc' dir='ltr'>ἐξ</span> <span class='ocrx_word' id='word_1_665' title='bbox 216 4495 301 4549; x_wconf 79' lang='grc' dir='ltr'>αὐτῶν</span> <span class='ocrx_word' id='word_1_666' title='bbox 316 4490 416 4570; x_wconf 81' lang='grc' dir='ltr'>ἄρχειν.</span> <span class='ocrx_word' id='word_1_667' title='bbox 428 4536 459 4548; x_wconf 87' lang='grc'>-</span> <span class='ocrx_word' id='word_1_668' title='bbox 473 4489 672 4573; x_wconf 86' lang='grc' dir='ltr'>Πεισίστρατος]</span> <span class='ocrx_word' id='word_1_669' title='bbox 683 4483 745 4573; x_wconf 76' lang='grc' dir='ltr'>ήρξε</span> <span class='ocrx_word' id='word_1_670' title='bbox 754 4492 786 4564; x_wconf 80' lang='grc' dir='ltr'>δὴ</span> <span class='ocrx_word' id='word_1_671' title='bbox 799 4495 884 4551; x_wconf 88' lang='grc' dir='ltr'>ἐνιαυ-</span> <span class='ocrx_word' id='word_1_672' title='bbox 923 4494 1032 4568; x_wconf 86' lang='grc' dir='ltr'>Δαρεῖον</span> <span class='ocrx_word' id='word_1_673' title='bbox 1045 4485 1191 4566; x_wconf 81' lang='grc' dir='ltr'>ἀπίδραμι.</span> 
     </span>
     <span class='ocr_line' id='line_1_49' title="bbox 107 4569 1700 4661; baseline 0.001 -25"><span class='ocrx_word' id='word_1_674' title='bbox 107 4579 167 4636; x_wconf 89' lang='grc' dir='ltr'>σίαν</span> <span class='ocrx_word' id='word_1_675' title='bbox 182 4576 274 4657; x_wconf 87' lang='grc' dir='ltr'>ἀρχήν.</span> <span class='ocrx_word' id='word_1_676' title='bbox 289 4576 379 4636; x_wconf 86' lang='grc' dir='ltr'>-Ἐν</span> <span class='ocrx_word' id='word_1_677' title='bbox 402 4576 513 4656; x_wconf 91' lang='grc' dir='ltr'>Πυθίου]</span> <span class='ocrx_word' id='word_1_678' title='bbox 527 4581 565 4658; x_wconf 82' lang='grc' dir='ltr'>τῷ</span> <span class='ocrx_word' id='word_1_679' title='bbox 583 4577 665 4658; x_wconf 83' lang='grc' dir='ltr'>τόπῳ.</span> <span class='ocrx_word' id='word_1_680' title='bbox 681 4613 719 4622; x_wconf 92' lang='grc'>--</span> <span class='ocrx_word' id='word_1_681' title='bbox 733 4600 755 4639; x_wconf 84' lang='grc'>7.</span> <span class='ocrx_word' id='word_1_682' title='bbox 773 4582 883 4661; x_wconf 92' lang='grc' dir='ltr'>Προςοι-</span> <span class='ocrx_word' id='word_1_683' title='bbox 963 4577 1023 4635; x_wconf 85' lang='lat' dir='ltr'>LX.</span> <span class='ocrx_word' id='word_1_684' title='bbox 1045 4570 1259 4651; x_wconf 61' lang='grc' dir='ltr'>’Υπὸπηήτθθς</span> <span class='ocrx_word' id='word_1_685' title='bbox 1269 4569 1364 4638; x_wconf 66' lang='grc' dir='ltr'>ἵππους</span> <span class='ocrx_word' id='word_1_686' title='bbox 1381 4571 1445 4652; x_wconf 70' lang='grc' dir='ltr'>φασί</span> <span class='ocrx_word' id='word_1_687' title='bbox 1459 4571 1517 4638; x_wconf 69' lang='grc' dir='ltr'>τοὺς</span> <span class='ocrx_word' id='word_1_688' title='bbox 1529 4571 1700 4653; x_wconf 70' lang='grc' dir='ltr'>ταρασσομέ-</span> 
     </span>
     <span class='ocr_line' id='line_1_50' title="bbox 107 4659 1700 4742; baseline -0.002 -21"><span class='ocrx_word' id='word_1_689' title='bbox 107 4665 267 4742; x_wconf 81' lang='grc' dir='ltr'>κοδομήσας]</span> <span class='ocrx_word' id='word_1_690' title='bbox 279 4663 434 4734; x_wconf 73' lang='grc' dir='ltr'>ἐπαυίήσας.</span> <span class='ocrx_word' id='word_1_691' title='bbox 924 4686 981 4729; x_wconf 87' lang='grc' dir='ltr'>νοος</span> <span class='ocrx_word' id='word_1_692' title='bbox 993 4661 1111 4728; x_wconf 84' lang='grc' dir='ltr'>ῦπὸπτας</span> <span class='ocrx_word' id='word_1_693' title='bbox 1121 4659 1251 4739; x_wconf 78' lang='grc' dir='ltr'>λέγεσθαι.</span> <span class='ocrx_word' id='word_1_694' title='bbox 1265 4694 1303 4705; x_wconf 98' lang='grc'>-</span> <span class='ocrx_word' id='word_1_695' title='bbox 1317 4679 1338 4720; x_wconf 80' lang='grc' dir='ltr'>ε.</span> <span class='ocrx_word' id='word_1_696' title='bbox 1356 4659 1410 4720; x_wconf 85' lang='grc' dir='ltr'>Καί</span> <span class='ocrx_word' id='word_1_697' title='bbox 1420 4662 1467 4718; x_wconf 83' lang='grc' dir='ltr'>οὐκ</span> <span class='ocrx_word' id='word_1_698' title='bbox 1479 4663 1505 4718; x_wconf 89' lang='grc' dir='ltr'>ἐν</span> <span class='ocrx_word' id='word_1_699' title='bbox 1519 4659 1608 4740; x_wconf 80' lang='grc' dir='ltr'>παύλῃ</span> <span class='ocrx_word' id='word_1_700' title='bbox 1624 4660 1700 4741; x_wconf 82' lang='grc' dir='ltr'>ἐφαί-</span> 
     </span>
     <span class='ocr_line' id='line_1_51' title="bbox 68 4740 1700 4831; baseline -0.002 -20"><span class='ocrx_word' id='word_1_701' title='bbox 68 4777 95 4816; x_wconf 81' lang='grc' dir='ltr'>ιο</span> <span class='ocrx_word' id='word_1_702' title='bbox 149 4753 208 4813; x_wconf 90' lang='lat' dir='ltr'>LV.</span> <span class='ocrx_word' id='word_1_703' title='bbox 230 4751 425 4831; x_wconf 81' lang='grc' dir='ltr'>Πρεσθύτατος]</span> <span class='ocrx_word' id='word_1_704' title='bbox 449 4755 550 4830; x_wconf 86' lang='grc' dir='ltr'>πρῶτος</span> <span class='ocrx_word' id='word_1_705' title='bbox 570 4755 621 4809; x_wconf 91' lang='grc' dir='ltr'>τῶν</span> <span class='ocrx_word' id='word_1_706' title='bbox 641 4751 727 4809; x_wconf 86' lang='grc' dir='ltr'>ἀλλων</span> <span class='ocrx_word' id='word_1_707' title='bbox 753 4755 814 4811; x_wconf 90' lang='grc' dir='ltr'>υίῶν</span> <span class='ocrx_word' id='word_1_708' title='bbox 837 4760 883 4814; x_wconf 90' lang='grc' dir='ltr'>τοῦ</span> <span class='ocrx_word' id='word_1_709' title='bbox 924 4758 991 4822; x_wconf 88' lang='grc' dir='ltr'>νετο]</span> <span class='ocrx_word' id='word_1_710' title='bbox 1006 4749 1052 4808; x_wconf 86' lang='grc' dir='ltr'>καί</span> <span class='ocrx_word' id='word_1_711' title='bbox 1063 4748 1171 4824; x_wconf 85' lang='grc' dir='ltr'>οὐδεμία</span> <span class='ocrx_word' id='word_1_712' title='bbox 1180 4740 1213 4819; x_wconf 84' lang='grc' dir='ltr'>ήν</span> <span class='ocrx_word' id='word_1_713' title='bbox 1227 4747 1425 4814; x_wconf 87' lang='grc' dir='ltr'>ἀπύπαυσιςτοῦ</span> <span class='ocrx_word' id='word_1_714' title='bbox 1438 4747 1633 4825; x_wconf 78' lang='grc' dir='ltr'>συλλαμὸάνειν</span> <span class='ocrx_word' id='word_1_715' title='bbox 1641 4747 1700 4814; x_wconf 82' lang='grc' dir='ltr'>τοὺς</span> 
     </span>
     <span class='ocr_line' id='line_1_52' title="bbox 109 4834 1741 4920; baseline -0.003 -21"><span class='ocrx_word' id='word_1_716' title='bbox 109 4837 308 4917; x_wconf 83' lang='grc' dir='ltr'>Πεισιστράτου.</span> <span class='ocrx_word' id='word_1_717' title='bbox 330 4871 368 4882; x_wconf 94' lang='lat'>-</span> <span class='ocrx_word' id='word_1_718' title='bbox 386 4839 465 4917; x_wconf 78' lang='grc' dir='ltr'>Αὐτῷ</span> <span class='ocrx_word' id='word_1_719' title='bbox 484 4836 579 4918; x_wconf 84' lang='grc' dir='ltr'>τούτῳ]</span> <span class='ocrx_word' id='word_1_720' title='bbox 594 4840 632 4919; x_wconf 84' lang='grc' dir='ltr'>τῷ</span> <span class='ocrx_word' id='word_1_721' title='bbox 647 4837 826 4920; x_wconf 78' lang='grc' dir='ltr'>ρηθησομένῳ.</span> <span class='ocrx_word' id='word_1_722' title='bbox 846 4875 886 4885; x_wconf 91' lang='grc'>-</span> <span class='ocrx_word' id='word_1_723' title='bbox 926 4838 1019 4919; x_wconf 87' lang='grc' dir='ltr'>ἀνδρας</span> <span class='ocrx_word' id='word_1_724' title='bbox 1029 4837 1073 4897; x_wconf 83' lang='grc' dir='ltr'>καὶ</span> <span class='ocrx_word' id='word_1_725' title='bbox 1085 4836 1192 4907; x_wconf 81' lang='grc' dir='ltr'>ζήτησιν</span> <span class='ocrx_word' id='word_1_726' title='bbox 1203 4839 1331 4894; x_wconf 79' lang='grc' dir='ltr'>ποιεῖσθαι</span> <span class='ocrx_word' id='word_1_727' title='bbox 1344 4839 1394 4894; x_wconf 91' lang='grc' dir='ltr'>τῶν</span> <span class='ocrx_word' id='word_1_728' title='bbox 1407 4834 1559 4913; x_wconf 86' lang='grc' dir='ltr'>γενομένων.</span> <span class='ocrx_word' id='word_1_729' title='bbox 1571 4880 1602 4892; x_wconf 91' lang='grc'>..</span> <span class='ocrx_word' id='word_1_730' title='bbox 1613 4856 1635 4895; x_wconf 81' lang='grc' dir='ltr'>α.</span> <span class='ocrx_word' id='word_1_731' title='bbox 1647 4835 1698 4896; x_wconf 82' lang='grc' dir='ltr'>Λί-</span> <span class='ocrx_word' id='word_1_732' title='bbox 1714 4863 1741 4902; x_wconf 78' lang='grc' dir='ltr'>ω</span> 
     </span>
     <span class='ocr_line' id='line_1_53' title="bbox 108 4922 1698 5006; baseline -0.003 -21"><span class='ocrx_word' id='word_1_733' title='bbox 108 4925 244 5004; x_wconf 81' lang='grc' dir='ltr'>Αὖτῷ]τῷ</span> <span class='ocrx_word' id='word_1_734' title='bbox 254 4924 356 5005; x_wconf 72' lang='grc' dir='ltr'>Ἱππίῃ.</span> <span class='ocrx_word' id='word_1_735' title='bbox 365 4964 395 4976; x_wconf 93' lang='grc'>-</span> <span class='ocrx_word' id='word_1_736' title='bbox 404 4946 425 4983; x_wconf 81' lang='grc' dir='ltr'>ε.</span> <span class='ocrx_word' id='word_1_737' title='bbox 434 4923 484 4983; x_wconf 83' lang='grc' dir='ltr'>Διά</span> <span class='ocrx_word' id='word_1_738' title='bbox 497 4925 527 4983; x_wconf 79' lang='grc' dir='ltr'>τὸ</span> <span class='ocrx_word' id='word_1_739' title='bbox 537 4925 734 5006; x_wconf 83' lang='grc' dir='ltr'>πρεσὸεύειν...]</span> <span class='ocrx_word' id='word_1_740' title='bbox 744 4924 823 4985; x_wconf 81' lang='grc' dir='ltr'>διάτὸ</span> <span class='ocrx_word' id='word_1_741' title='bbox 833 4931 884 4985; x_wconf 90' lang='grc' dir='ltr'>τῶν</span> <span class='ocrx_word' id='word_1_742' title='bbox 925 4950 977 5005; x_wconf 87' lang='grc' dir='ltr'>γων</span> <span class='ocrx_word' id='word_1_743' title='bbox 989 4925 1027 4997; x_wconf 84' lang='grc' dir='ltr'>δέ]</span> <span class='ocrx_word' id='word_1_744' title='bbox 1036 4923 1246 5000; x_wconf 84' lang='grc' dir='ltr'>ὁσυνδεσμῶτης.</span> <span class='ocrx_word' id='word_1_745' title='bbox 1254 4968 1283 4981; x_wconf 81' lang='lat'>-</span> <span class='ocrx_word' id='word_1_746' title='bbox 1294 4923 1389 4994; x_wconf 80' lang='grc' dir='ltr'>Αύτὸν]</span> <span class='ocrx_word' id='word_1_747' title='bbox 1397 4922 1441 4980; x_wconf 80' lang='grc' dir='ltr'>τὸν</span> <span class='ocrx_word' id='word_1_748' title='bbox 1449 4922 1605 4982; x_wconf 87' lang='grc' dir='ltr'>κατειπόντα</span> <span class='ocrx_word' id='word_1_749' title='bbox 1611 4924 1698 4993; x_wconf 88' lang='grc' dir='ltr'>δηλον-</span> 
     </span>
     <span class='ocr_line' id='line_1_54' title="bbox 109 5002 1700 5092; baseline -0.001 -22"><span class='ocrx_word' id='word_1_750' title='bbox 109 5009 136 5080; x_wconf 79' lang='grc' dir='ltr'>ἐξ</span> <span class='ocrx_word' id='word_1_751' title='bbox 147 5015 226 5070; x_wconf 78' lang='grc' dir='ltr'>αὐτοῦ</span> <span class='ocrx_word' id='word_1_752' title='bbox 237 5011 413 5090; x_wconf 81' lang='grc' dir='ltr'>πρεσθύτατος</span> <span class='ocrx_word' id='word_1_753' title='bbox 421 5002 563 5073; x_wconf 60' lang='grc' dir='ltr'>εἶναι-3.</span> <span class='ocrx_word' id='word_1_754' title='bbox 575 5012 736 5084; x_wconf 87' lang='grc' dir='ltr'>Καθίστατο]</span> <span class='ocrx_word' id='word_1_755' title='bbox 743 5011 836 5085; x_wconf 88' lang='grc' dir='ltr'>λείπει,</span> <span class='ocrx_word' id='word_1_756' title='bbox 850 5013 885 5072; x_wconf 85' lang='grc' dir='ltr'>τά</span> <span class='ocrx_word' id='word_1_757' title='bbox 925 5013 974 5074; x_wconf 82' lang='grc' dir='ltr'>ὁτι.</span> <span class='ocrx_word' id='word_1_758' title='bbox 984 5041 1014 5049; x_wconf 96' lang='grc'>-</span> <span class='ocrx_word' id='word_1_759' title='bbox 1024 5011 1126 5072; x_wconf 78' lang='grc' dir='ltr'>Ἄδειαν</span> <span class='ocrx_word' id='word_1_760' title='bbox 1144 5010 1318 5087; x_wconf 91' lang='grc' dir='ltr'>ποιησάμενον</span> <span class='ocrx_word' id='word_1_761' title='bbox 1333 5014 1430 5083; x_wconf 90' lang='grc' dir='ltr'>σῶσαι]</span> <span class='ocrx_word' id='word_1_762' title='bbox 1450 5009 1507 5068; x_wconf 86' lang='grc' dir='ltr'>ἀντί</span> <span class='ocrx_word' id='word_1_763' title='bbox 1521 5017 1566 5070; x_wconf 88' lang='grc' dir='ltr'>τοῦ</span> <span class='ocrx_word' id='word_1_764' title='bbox 1581 5014 1608 5069; x_wconf 91' lang='grc' dir='ltr'>ἐν</span> <span class='ocrx_word' id='word_1_765' title='bbox 1626 5012 1700 5092; x_wconf 71' lang='grc' dir='ltr'>ἀδείᾳ</span> 
     </span>
     <span class='ocr_line' id='line_1_55' title="bbox 108 5097 1702 5180; baseline 0 -22"><span class='ocrx_word' id='word_1_766' title='bbox 108 5103 156 5170; x_wconf 83' lang='grc' dir='ltr'>τῆς</span> <span class='ocrx_word' id='word_1_767' title='bbox 174 5102 257 5178; x_wconf 75' lang='grc' dir='ltr'>ἀρχῆς</span> <span class='ocrx_word' id='word_1_768' title='bbox 270 5098 424 5178; x_wconf 84' lang='grc' dir='ltr'>πράγματα.</span> <span class='ocrx_word' id='word_1_769' title='bbox 441 5131 477 5146; x_wconf 89' lang='lat'>-··</span> <span class='ocrx_word' id='word_1_770' title='bbox 491 5099 571 5159; x_wconf 81' lang='grc' dir='ltr'>Ἀλλὰ</span> <span class='ocrx_word' id='word_1_771' title='bbox 590 5101 635 5158; x_wconf 76' lang='grc' dir='ltr'>καί</span> <span class='ocrx_word' id='word_1_772' title='bbox 649 5099 692 5158; x_wconf 84' lang='grc' dir='ltr'>διά</span> <span class='ocrx_word' id='word_1_773' title='bbox 712 5100 742 5159; x_wconf 84' lang='grc' dir='ltr'>τὸ</span> <span class='ocrx_word' id='word_1_774' title='bbox 757 5101 880 5180; x_wconf 90' lang='grc' dir='ltr'>πρότερον</span> <span class='ocrx_word' id='word_1_775' title='bbox 926 5100 1060 5178; x_wconf 87' lang='grc' dir='ltr'>γινόμενον</span> <span class='ocrx_word' id='word_1_776' title='bbox 1072 5103 1164 5157; x_wconf 89' lang='grc' dir='ltr'>σῶσαι.</span> <span class='ocrx_word' id='word_1_777' title='bbox 1178 5100 1195 5172; x_wconf 85' lang='lat'>§</span> <span class='ocrx_word' id='word_1_778' title='bbox 1210 5097 1267 5156; x_wconf 84' lang='grc' dir='ltr'>ἀντὶ</span> <span class='ocrx_word' id='word_1_779' title='bbox 1281 5103 1325 5156; x_wconf 90' lang='grc' dir='ltr'>τοῦ</span> <span class='ocrx_word' id='word_1_780' title='bbox 1336 5097 1514 5175; x_wconf 83' lang='grc' dir='ltr'>τολμήσαντα.</span> <span class='ocrx_word' id='word_1_781' title='bbox 1530 5139 1560 5148; x_wconf 90' lang='grc'>-</span> <span class='ocrx_word' id='word_1_782' title='bbox 1576 5119 1599 5158; x_wconf 84' lang='grc' dir='ltr'>ι.</span> <span class='ocrx_word' id='word_1_783' title='bbox 1615 5098 1702 5158; x_wconf 64' lang='lat' dir='ltr'>‘Bw</span> 
     </span>
     <span class='ocr_line' id='line_1_56' title="bbox 223 5220 1539 5263; baseline -0.003 -2"><span class='ocrx_word' id='word_1_784' title='bbox 223 5223 327 5263; x_wconf 70' lang='grc' dir='ltr'>τευτευ.</span> <span class='ocrx_word' id='word_1_785' title='bbox 339 5221 420 5261; x_wconf 66' lang='lat' dir='ltr'>scunt.</span> <span class='ocrx_word' id='word_1_786' title='bbox 1513 5220 1539 5257; x_wconf 71' lang='grc' dir='ltr'>τε</span> 
     </span>
    </p>
   </div>
   <div class='ocr_carea' id='block_1_3' title="bbox 0 0 1842 5828">
    <p class='ocr_par' dir='ltr' id='par_1_3' title="bbox 0 0 1842 5828">
     <span class='ocr_line' id='line_1_57' title="bbox 0 0 1842 5828; baseline 0 5"><span class='ocrx_word' id='word_1_787' title='bbox 0 0 1842 5828; x_wconf 95' lang='lat' dir='ltr'> </span> 
     </span>
    </p>
   </div>
  </div>
 </body>
</html>
