3676 5828
172 309 211 365 ει
802 302 975 364 εοιιοιυι.
985 304 1012 380 ι,
1025 311 1151 364 ιιι-ιι.

214 416 329 477 LXVII.
351 416 411 494 Οῦχ
421 411 569 493 ἡσύχαζον]
582 414 606 471 οἱ
620 410 759 495 Κορίνθωι.
769 432 840 470 -ι,
851 404 956 473 Οὗκεῖ-
997 407 1175 495 ἐγκείσονται]
1194 409 1261 490 μετὰ
1277 411 1370 492 βάρους
1389 408 1597 482 ἐπιτεθήσονται.
1614 447 1648 460 -
1662 410 1779 494 Ἥσυχά·

176 526 218 564 ναι
237 502 394 581 αύτόνομοι]
413 504 441 560 αί
458 499 509 582 γάρ
530 497 641 560 σπονδαί
666 491 737 580 εἶχον
756 498 802 568 τδις
824 498 956 582 ἀγράφους
997 501 1053 567 ξεττ
1064 498 1114 580 γὰρ
1125 497 1212 576 μόνοι]
1225 498 1389 569 ἐπιπλήττων
1401 496 1547 559 κολακεύει.
1562 520 1626 562 -ε,
1637 501 1779 584 Ἀσφαλιῖς]

174 595 226 650 τῶν
244 590 347 650 πόλεων
359 588 519 667 αὐτονόμους
532 578 608 647 εἶναι.
620 586 763 664 Αἰγινήτας
775 586 817 659 δέ,
831 585 868 664 μῆ
883 590 958 665 ἐγγε-
997 584 1172 666 προςεκτικοί,
1187 586 1213 642 ἐν
1227 585 1311 643 οῦδενῖ
1322 584 1507 666 σφαλλόμενοι.
1521 625 1554 638 -
1567 576 1624 650 Ὧν
1638 588 1709 671 ἄρα]
1723 590 1781 672 γρό·

173 676 339 760 γραμμένους
347 681 403 744 ταῖς
409 677 591 756 σπονδαῖς,θφ’
598 665 780 755 ἑαυτοθςεῖχον
786 678 809 733 οῖ
817 675 956 746 Ἀθηναῖοι.
997 670 1113 753 φεταιάν
1123 671 1185 753 ἀρα.
1196 708 1227 719 -
1236 670 1271 732 Ὁ
1280 671 1355 750 λόγος
1364 678 1410 732 τοῦ
1420 673 1495 755 ἔργον
1505 674 1628 754 ἐκράτει]
1640 676 1781 749 τουτέστιν,

147 793 160 832 κ
175 802 216 812 --
228 765 306 826 Κατδι
316 764 363 832 τδς
373 763 504 841 σπονδάς]
514 761 583 822 κατδι
595 761 641 833 τήν
654 760 806 842 συμφωνίαν
817 765 868 820 τῶν
879 783 957 820 σπον·
997 757 1100 837 θλόγος
1116 757 1212 840 ψευδὴς
1225 750 1257 831 ῆν
1270 765 1316 818 τοῦ
1335 764 1401 838 ὑμᾶς
1415 763 1540 843 ἀσφαλεῖς
1554 753 1634 824 εἶναι.
1650 801 1686 812 -
1700 762 1739 825 Ἢ
1751 765 1798 825 τθι

175 857 290 921 6722..—
301 874 322 914 ε.
335 852 502 932 Ξύλλογον...
516 851 560 910 τὸν
572 849 695 922 εἰωθότα]
706 849 749 909 τὸν
764 849 873 909 εἰωθότα
886 849 958 928 λέγει
997 850 1060 928 παρ’
1077 848 1169 926 ὑμῶν]
1183 847 1213 906 τδ
1235 847 1252 919 ή
1269 846 1326 906 ἀντὶ
1340 853 1385 907 τοῦ
1405 849 1483 930 ἥπερ.
1503 851 1581 923 δηλοῖ
1598 848 1627 910 δέ
1650 852 1739 910 αὐτῶν
1755 852 1781 912 ιδ

174 940 297 1020 ξύλλογον
313 939 353 999 ότι
376 941 402 997 ἐν
420 937 577 1018 πανσελήνῳ
596 937 712 1016 ἐγίγνετο
731 937 783 999 ἀεί.
797 972 838 984 -
851 957 873 998 ι.
893 937 956 998 Μά·
999 932 1117 1016 ὀκνηρόν.
1138 975 1172 983 -
1195 932 1297 1017 Ἀξίως]
1318 934 1475 1016 ἀξιομάχως.
1497 978 1530 989 -
1547 937 1605 998 Καὶ
1621 941 1660 1006 εἰς
1675 937 1779 1020 τύχας...

173 1030 251 1089 λιστα
266 1028 294 1088 δέ
310 1027 423 1106 λιμένων
438 1050 467 1084 τε
480 1026 628 1107 εἴργεσθαι]
647 1027 726 1106 φασίν
746 1024 787 1085 ότι
810 1027 957 1106 Περικλῆς,
998 1026 1179 1104 καταστῆναι]
1200 1029 1214 1084 6
1227 1023 1278 1106 γάρ
1290 1025 1354 1106 πρδς
1369 1026 1472 1104 μείζονα
1486 1029 1615 1106 πολεμῶν
1634 1026 1724 1108 τύχης
1736 1053 1779 1088 m·

175 1116 278 1195 μέλλων
290 1115 366 1194 λόγον
382 1116 470 1173 δοῦναι
484 1117 535 1172 τῶν
548 1112 693 1193 χρημάτων
705 1119 751 1171 τοῦ
763 1114 930 1191 ἀγάλματος,
944 1111 958 1169 θ
998 1110 1076 1168 λείπω
1088 1110 1220 1194 συνεργόν.
1233 1147 1273 1158 -
1284 1112 1394 1192 Τύχας]
1408 1112 1519 1185 ἀδήλους
1529 1113 1667 1183 ἐκῦάσεις.
1677 1151 1720 1162 -
1729 1119 1780 1178 K«-

136 1225 162 1264 10
174 1202 394 1264 κατεσκεύασενδ
418 1200 541 1274 Φειδίας,
564 1200 667 1277 ἠθύμει.
690 1199 750 1258 ἰδὼν
774 1193 819 1260 οῦν
844 1200 921 1258 αὐτὸν
944 1202 958 1257 6
997 1201 1146 1279 τοιστῆναι]
1169 1202 1222 1261 ἀπδ
1243 1207 1329 1261 κοινοῦ
1354 1201 1485 1280 βούλεσθε.
1506 1238 1548 1248 -
1570 1203 1642 1284 Περὶ
1663 1209 1737 1287 αύτῷ
1752 1206 1807 1265 τδιι

175 1290 341 1363 Ἀλκιὸιάδης
352 1293 414 1357 παῖς
427 1287 474 1362 ὢν,
487 1288 565 1369 ήρετο
579 1287 630 1346 ότι
642 1289 745 1365 ἀθυμεῖ.
759 1294 805 1347 τοῦ
818 1287 845 1347 δέ
857 1287 959 1370 φήσαν-
998 1287 1081 1346 πλείω
1095 1287 1244 1371 σφαλέντα]
1259 1292 1286 1348 ἰν
1299 1294 1336 1372 τῷ
1351 1294 1432 1370 στενῷ
1444 1295 1491 1362 τῆς
1511 1293 1671 1369 Σαλαμῖνος
1687 1293 1781 1372 τολμή-

174 1402 217 1447 τος
229 1378 268 1437 δτι
280 1377 331 1437 Διά
343 1382 419 1435 τοῦτο
433 1379 539 1452 ἀθυμῶ,
558 1374 627 1442 όπως
639 1374 716 1433 δώσω
729 1375 806 1454 λόγον
818 1379 870 1434 τῶν
884 1399 954 1457 χρη·
999 1396 1081 1433 σαντα
1097 1380 1284 1456 ναυμαχῆσαι,
1298 1377 1313 1407 ⁸
1329 1377 1344 1408 ²*
1355 1375 1420 1444 όςτις
1432 1377 1532 1455 ἐγένετο
1544 1378 1630 1446 αἴτιος
1639 1383 1690 1451 τῆς
1698 1378 1779 1452 ῆιτης

175 1466 278 1545 μάτων,
293 1465 389 1531 ἐκεῖνος
403 1462 502 1544 φθάσας
516 1453 587 1536 εἰπε,
602 1463 711 1523 Μᾶλλον
726 1463 818 1522 σκόπει
832 1461 903 1530 όπως
920 1462 957 1541 μή
998 1498 1039 1508 -
1052 1463 1123 1545 Πρδς
1136 1464 1229 1532 αὐτοὺς
1247 1464 1306 1533 τοθς
1321 1465 1487 1546 Ἀθηναίους]
1501 1466 1559 1525 ἀντί
1570 1471 1619 1527 τοῦ
1632 1469 1723 1527 αἰετῶν
1737 1472 1780 1529 ὀὖν

175 1553 273 1621 δώσεις.
289 1557 303 1611 6
322 1554 349 1610 δέ
370 1548 509 1610 θπολαάδιν
527 1549 571 1609 τδν
586 1548 673 1628 λόγον,
687 1549 787 1628 εἰσάγει
805 1552 892 1632 ψῆφον
916 1554 953 1620 εἰς
999 1549 1150 1622 Ἀθηναίων.
1170 1553 1187 1628 S
1208 1551 1239 1611 τδ
1252 1556 1348 1633 σχῆμα
1368 1552 1500 1626 αἰτιατική
1522 1553 1582 1613 ἀντὶ
1600 1558 1650 1626 τῆς
1674 1559 1779 1633 γενεᾶς.

137 1667 163 1708 ιη
175 1644 223 1712 τήν
237 1639 312 1700 πόλιν
323 1636 393 1698 κατδι
407 1636 561 1717 Μεγαρέων,
577 1635 653 1706 ἀξιῶν
669 1635 762 1704 αὖτοὺς
774 1637 906 1718 εἰργεσθαι
918 1641 959 1697 λι·
998 1673 1039 1684 -
1047 1661 1069 1698 ο.
1078 1635 1116 1699 Ἣ
1128 1635 1217 1722 αἰτίᾳ]
1229 1640 1259 1698 τδ
1269 1640 1287 1712 ή
1296 1640 1354 1699 ἀντὶ
1363 1646 1408 1700 τοῦ
1418 1640 1496 1702 ἀλλά.
1506 1674 1548 1687 -·
1558 1640 1658 1703 Φίλων
1668 1639 1780 1727 ἂνδρῦα]
1790 1667 1807 1707 ιι

177 1729 262 1807 μένων
280 1727 325 1788 καί
343 1731 451 1807 ἀγορᾶς·
472 1725 518 1785 καί
536 1728 589 1784 τῶν
606 1724 749 1797 Ἀθηναίων
764 1725 958 1806 θορυῦηθέντων
998 1725 1082 1785 λείπει
1094 1731 1111 1799 η
1123 1728 1202 1790 κατά.

176 1815 254 1883 αὐτὸς
277 1813 405 1897 ἐκφεύγει.
426 1816 450 1873 οί
471 1810 500 1871 δέ
515 1812 593 1893 φασίν
608 1811 648 1871 ότι
662 1812 705 1872 διδ
722 1818 799 1873 τοῦτο
811 1813 860 1886 τήν
872 1816 958 1897 ψῆφον
1038 1817 1126 1877 LXX.
1149 1815 1203 1876 Καὶ
1216 1814 1287 1895 ἀρα,
1299 1814 1372 1898 είπερ
1382 1811 1497 1900 τινὲς...]
1508 1816 1601 1891 ἐπειδὴ
1615 1818 1782 1894 ἐπέπληξεν]

176 1904 312 1982 είςήγαγε,
324 1901 389 1962 διότι
403 1905 427 1961 οἰ
441 1903 573 1982 Μεγαρεῖς
586 1899 732 1960 Ἀσπασίαν
743 1899 791 1970 τήν
802 1900 959 1961 διδάσκαλον
1001 1901 1147 1983 Κορίνθιος,
1167 1903 1239 1983 λέγει
1253 1910 1312 1977 νῦν,
1332 1903 1374 1964 ὅτι
1393 1906 1443 1985 οὐχ
1460 1907 1475 1964 θ
1492 1904 1582 1985 τυχών
1598 1908 1671 1986 εἰμι,
1690 1907 1781 1988 καὶμὴ

176 1990 335 2074 Περικλέους
346 1988 467 2070 θθρισαν,
479 1987 578 2070 πόρνην
591 1986 672 2060 αὐτήν
687 1988 907 2055 ἀποκαλέσαντες.
1000 1988 1151 2071 άπαξωῖσης
1163 1991 1207 2051 ὑπ’
1216 1993 1280 2070 ἐμοῦ
1290 1991 1483 2069 ὀνειδιζόμενος.
1493 2027 1534 2038 -
1545 2014 1566 2054 ε.
1575 1995 1780 2077 Νιωτεροπαοί]

136 2102 164 2143 τυ
216 2081 347 2141 vaffl.
366 2066 960 2155 Τδπιστδνῦμῦς...]τδπιστδν,ιῖιιθακεδαι-
999 2081 1023 2136 οί
1041 2078 1173 2160 νεωτέρων
1194 2080 1358 2161 πραγμάτων
1377 2078 1536 2161 ὀρεγόμενοι.
1553 2116 1596 2129 -
1612 2081 1808 2145 Ἐπιπλίωιι

176 2167 329 2246 μόνιοι,τη”ς
337 2165 396 2226 καθ’
407 2169 474 2245 ὖμῦς
483 2164 578 2232 αὐτοὺς
587 2163 721 2231 πολιτείας
729 2164 775 2224 καί
783 2163 887 2242 όμιλίας
897 2167 960 2224 ἀπι-
1000 2164 1069 2248 ἐργιρ
1081 2165 1095 2226 θ
1109 2165 1140 2226 ἀν
1154 2169 1268 2248 γνῶσιν]
1282 2177 1336 2227 πᾶν
1349 2167 1436 2247 νόημα
1448 2169 1493 2229 καὶ
1506 2169 1617 2252 πρᾶξαι.
1631 2173 1663 2231 οῦ
1678 2171 1730 2255 γάρ
1742 2172 1781 2234 δί-

176 2255 310 2336 στοτίρους
326 2258 395 2332 ὑμᾶς
411 2257 436 2322 ἐς
452 2251 510 2320 τοὺς
525 2252 619 2319 ἄλλους
631 2250 781 2326 Ἕλληνας,
791 2253 824 2325 ήν
837 2277 864 2312 τι
877 2251 960 2332 λέγει·
1000 2277 1078 2333 ναμιν
1092 2253 1176 2334 λέγω,
1191 2255 1249 2315 ἐπεί
1264 2255 1400 2337 ἀποτροπή
1417 2261 1462 2316 τοῦ
1480 2255 1611 2320 τοιούτου.
1623 2294 1667 2306 -
1683 2260 1781 2324 ’Em

178 2369 235 2424 μεν,
246 2342 396 2414 καθίστησι.
410 2372 451 2387 ·-
464 2339 676 2421 Ἀπιστοτέρους]
688 2345 756 2418 ὑμᾶς
767 2340 906 2414 ἀπίστους,
922 2341 959 2420 μή
999 2341 1091 2420 λίσαι]
1109 2342 1187 2416 ὀξεῖς,
1213 2342 1266 2402 ἀπδ
1280 2349 1377 2406 κοινοῦ.
1391 2379 1432 2391 -
1445 2345 1515 2404 Οὐδὲ
1537 2348 1693 2426 τάναγκαῖα
1706 2347 1780 2418 ἐξσά-

177 2428 351 2507 πειθομὲνους.
366 2463 407 2474 -
422 2427 493 2507 Πρδς
506 2425 541 2486 τδ
552 2427 601 2496 ἐξω
612 2429 775 2509 πράγματα]
789 2428 852 2510 πρδς
863 2428 897 2489 τδι
908 2435 959 2488 τῶν
1000 2435 1076 2502 σθαι]
1101 2428 1160 2489 οὐδέ
1184 2434 1235 2490 τῶν
1260 2431 1409 2510 ἀναγκαίων
1440 2431 1632 2511 περιγενέσθαι.
1657 2438 1677 2513 s
1702 2435 1732 2496 εδ
1756 2435 1779 2496 δέ

22 2549 25 2557 ,
137 2537 163 2577 τε
178 2515 336 2594 συμμάχων.
354 2550 395 2559 -
408 2534 429 2573 ε.
446 2514 670 2595 Παρεκαλέσατε]
688 2515 783 2596 κυρίως
797 2519 959 2597 παρακαλεῖν
1001 2517 1128 2586 ἐξικέσθαι
1136 2518 1243 2577 ἀντίτοῦ
1251 2521 1594 2599 ἀρκεῖν.-3.Πιστεῦσαι]
1604 2526 1808 2604 θαρρῆσαι-1

178 2604 247 2664 ἐστὶν
261 2602 280 2675 ῆ
293 2603 323 2662 τδ
337 2605 441 2675 καλεῖν,
457 2602 475 2673 ῆ
493 2602 524 2661 τδ
536 2602 744 2682 προτρέπεσθαι.
757 2604 852 2686 ἀκυρον
866 2604 917 2686 γὰρ
930 2605 960 2665 τδ
1000 2625 1022 2665 ι.
1034 2604 1189 2678 Μελλητάς]
1198 2605 1435 2684 ἀναθεόλημένους.
1444 2608 1694 2685 ς-Ἀποδημηταί]
1705 2616 1780 2694 ὑπερ-

178 2691 290 2752 δέεσθαι.
304 2724 345 2736 -
360 2690 408 2751 Ἐν
423 2681 460 2756 οῖς
474 2689 611 2770 προςήκει]
627 2693 741 2750 ἐντεῦθεν
759 2694 783 2750 οἱ
800 2694 897 2770 ἀγῶνες
916 2692 961 2752 καί
1001 2691 1066 2772 όριοι
1080 2698 1126 2765 τῆς
1136 2693 1233 2761 οἰκείας
1242 2695 1374 2775 πατρίδος.
1389 2694 1617 2773 -Ἀποδημηταί
1630 2698 1698 2779 affe
1712 2702 1779 2772 ἐνδη-

178 2779 209 2839 τδ
222 2780 328 2837 δίκαιον.
342 2812 383 2823 -
395 2778 572 2857 Ἐγκλήματα
590 2777 648 2859 ἔχ.]
664 2777 732 2838 κατδι
750 2783 801 2838 τῶν
821 2780 960 2851 Ἀθηναίων
1002 2780 1142 2857 μοτάτους]
1155 2780 1234 2858 ἤγουν
1248 2784 1414 2860 ἀποδημοῦσι
1424 2787 1470 2854 τῆς
1480 2783 1576 2850 οἰκείας
1586 2784 1730 2867 πατρίδος,
1741 2787 1780 2847 καί

177 2866 224 2927 καὶ
233 2870 305 2946 ὑμῶν
317 2865 444 2938 δηλονότι.
455 2899 496 2910 -
505 2886 526 2925 ι.
540 2865 656 2948 Ἀφανεῖς
670 2889 720 2925 που
729 2867 817 2946 ὄντες]
827 2867 906 2946 ἤγουν
917 2870 960 2927 λε·
1002 2870 1158 2946 ἐπιδημοῦσι
1176 2869 1268 2945 δήμοις
1285 2868 1429 2950 ἀλλοτρίοις
1443 2870 1507 2950 πρδς
1520 2869 1551 2930 τδ
1565 2871 1718 2944 κτήσασθαι
1735 2877 1780 2934 αύ-

138 2971 166 3011 ³0
178 2952 485 3034 ληθότως.-Προςέδει]
497 2954 961 3032 ὑμῖντοῖςΛακεδαιμονίοις.-Τοθς
1000 2954 1068 3022 τούς.
1091 2991 1130 3002 -
1150 2955 1289 3038 Ἀπουσίρ]
1312 2956 1459 3038 ἀποδημία.
1485 2989 1526 3005 -·
1543 2960 1592 3040 Τῷ
1613 2962 1808 3036 ἐπελθεῖν...]ιι

179 3043 227 3122 μὲν
240 3041 462 3121 δεδουλωμένους]
474 3041 689 3119 τοδςΑἰγινήτας.
699 3044 812 3110 -Τοῖς
823 3045 844 3101 δ’
857 3044 961 3102 ἐπιθου·
1002 3043 1096 3116 οἴεσθε,
1120 3043 1207 3126 φησίν,
1223 3043 1276 3117 ότι,
1290 3043 1335 3103 ἐδιν
1357 3042 1484 3116 ἐπέλθητέ
1504 3069 1572 3117 τισι,
1586 3047 1634 3106 καθ
1648 3049 1683 3107 τὰ
1698 3049 1778 3132 θπάρ-

178 3131 316 3210 λεύοντας]
331 3131 520 3197 Παιιδαιάταις
538 3129 583 3188 καὶ
600 3133 763 3211 Μεγαρεῦσι.
778 3167 819 3177 —
833 3132 883 3192 Ἐκ
896 3134 961 3191 πολ·
1001 3155 1082 3211 χοντα
1097 3133 1158 3221 ὑμῖν
1173 3132 1331 3192 ἀπόλλυται.
1343 3166 1384 3178 -
1394 3131 1439 3193 Τδι
1450 3130 1558 3210 ίτοιμα]
1571 3131 1605 3190 τὰ
1618 3135 1780 3216 ὑπάρχωσι,

177 3217 225 3276 λοῦ
239 3216 567 3299 προπαρεσκευασμένους]
585 3221 620 3282 ὡς
634 3216 782 3285 συνειδότας
795 3218 843 3286 τὰς
862 3224 961 3279 ἑαυτῶν
1001 3215 1035 3276 τὰ
1053 3217 1158 3295 ἑτοίμην
1180 3218 1323 3278 ἀπόλαυσιν
1339 3217 1442 3300 ἔχοντα.
1457 3252 1492 3261 -
1506 3242 1527 3280 ιι.
1549 3219 1612 3280 Ἐπ’
1626 3222 1779 3302 ἐλάχιστον]

179 3304 323 3386 ἁμαρτίας,
335 3304 380 3363 καθ
388 3304 579 3384 γιγνώσκοντας
588 3307 622 3371 ὡς
633 3304 737 3373 ποῖντως
747 3308 794 3364 οὐκ
804 3305 960 3385 ἀνεξόμεθα,
1003 3303 1060 3363 ἀντ]
1076 3309 1121 3363 τοῦ
1141 3304 1199 3363 οὗδέ
1223 3305 1372 3384 ἐλάχιστον.
1393 3340 1434 3352 -
1451 3306 1656 3382 Ἀναπίπτουσι]
1678 3309 1696 3381 ἢ
1718 3313 1781 3370 ἀνα-

139 3407 166 3447 ιε
180 3391 249 3451 ἀλλδι
268 3392 463 3470 πολεμήσομεν.
486 3426 527 3437 -
551 3392 887 3473 Προπαρεσκευασμένσυς]
909 3397 961 3455 ἀπὸ
1002 3389 1143 3462 παύονται,
1154 3390 1172 3461 ἢ
1184 3395 1321 3469 ἀθυμοῦσι.
1334 3422 1367 3432 -
1377 3414 1398 3451 ι.
1408 3393 1651 3471 Ἀλλοτριωτάτοις]
1662 3395 1811 3456 λιίπειτδῦ

179 3484 266 3537 κοινοῦ
282 3479 312 3538 τδ
330 3483 415 3559 δρᾶτε.
435 3512 475 3524 --
489 3475 572 3557 Ἄρα]
588 3481 614 3536 ἐν
628 3478 701 3560 ἀλλιρ
715 3482 744 3539 οὐ
759 3483 843 3538 κεῖται
856 3479 887 3538 τδ
899 3482 959 3562 ἄρα.
1001 3483 1051 3552 ὣς,
1069 3477 1101 3538 ἵν’
1115 3470 1150 3558 ᾖ,
1171 3482 1206 3545 ὡς
1224 3479 1448 3560 ἀλλοτρωιτάτοις.
1462 3515 1503 3526 -
1523 3482 1704 3564 Οἷκειοτάτῃ]
1722 3483 1782 3564 πρδς

179 3600 220 3611 -
238 3587 261 3628 ι.
281 3564 509 3647 Ἐπικαιρότατον]
529 3565 733 3646 ἁρμοδιώτατον.
753 3601 794 3613 -
806 3571 832 3628 Τ
832 3567 846 3627 δ
868 3566 916 3647 μέν
1002 3565 1049 3639 τήν
1061 3566 1175 3647 πατρίδα
1189 3566 1315 3638 δηλονότι.
1334 3604 1368 3615 ·-
1380 3589 1402 3629 7.
1416 3567 1463 3640 Μή
1476 3567 1651 3645 ἐπεξέλθωσι]
1664 3571 1704 3650 μή
1715 3572 1781 3654 πρά-

181 3653 378 3734 ἐπικαιρότατον
391 3652 503 3734 χωρίον]
521 3658 538 3725 ἡ
555 3653 695 3716 Ποτίδαια.
716 3686 752 3697 -
768 3654 963 3738 Ἐπιχρῆσθαι]
1002 3652 1073 3722 ξωσι.
1086 3695 1117 3706 --
1135 3651 1205 3733 Πρδς
1216 3651 1250 3711 εδ
1263 3653 1406 3731 μέλλοντα]
1429 3655 1483 3715 ἀπδ
1494 3663 1580 3717 κοινοῦ
1594 3661 1733 3737 ἡγοῦνται.
1744 3694 1781 3705 -

181 3744 361 3822 ἀποχρῆσθαι,
372 3739 502 3821 ἐνέργειαν
512 3747 604 3798 ποιεῖν.
614 3774 655 3785 -
666 3739 700 3802 Ἦ
713 3739 741 3800 δέ
751 3742 872 3801 ναυτικὸν
883 3741 961 3823 δν...]
1003 3738 1086 3801 Μόνοι
1094 3737 1144 3820 γάρ
1155 3739 1291 3821 ἔχουσι...]
1303 3741 1333 3801 τδ
1344 3743 1367 3801 δ’
1380 3743 1437 3815 ἑξῆς
1444 3743 1525 3804 οῦτω·
1533 3743 1607 3822 μόνοι
1616 3744 1685 3828 γάρ,
1696 3746 1781 3829 φησίν,

140 3832 197 3899 4οή
213 3828 240 3887 δέ
255 3827 350 3887 ἔδωκεν
364 3826 396 3886 ἀν
411 3826 566 3907 συμμαχίαν
577 3826 710 3902 ναυτικὴν,
724 3830 747 3887 εἰ
759 3827 873 3907 πόλεμος
885 3830 962 3909 γενή-
1003 3829 1020 3887 θ
1035 3826 1066 3887 ἀν
1081 3833 1187 3906 γνῶσιν,
1202 3829 1336 3898 ἐλπίζουσί
1354 3855 1384 3890 τε
1401 3831 1496 3910 ὁμοίοις
1512 3832 1558 3892 καὶ
1573 3831 1679 3913 ἀχουσι,
1696 3835 1742 3895 διδ
1755 3834 1811 3894 ³6⁴⁰

181 3939 256 3975 σεται
267 3915 397 3988 δηλονότι.
1002 3919 1110 3996 ταχεῖαν
1121 3915 1169 3986 τήν
1181 3916 1342 3996 ἐπιχείρησιν
1354 3928 1492 3978 ποιεῖσθαι.
1505 3923 1609 4001 πρῶτον
1617 3922 1671 4004 γάρ
1679 3946 1721 3991 τις
1730 3926 1783 3982 ἐπι·

220 4006 323 4065 LXIX.
347 4002 423 4064 Μετά
437 4001 471 4061 τά
487 4001 614 4081 Μηδικά]
634 4002 701 4081 μετὰ
720 4001 763 4062 τδν
781 4003 896 4082 πόλεμον
918 4006 962 4065 τὸν
1003 4007 1066 4077 νοεῖ,
1076 3994 1132 4062 εἶτα
1146 4003 1258 4078 ἐλπίζει,
1272 4004 1318 4064 καί
1332 3995 1377 4065 εἶθ’
1390 4005 1471 4074 οὕτως
1482 4009 1623 4087 ἐπιχειρεῖ,
1635 4008 1780 4091 ὕστερονδί

184 4091 288 4162 θίηδικό
305 4136 312 4150 .
331 4124 372 4135 -
391 4090 543 4173 Κρατῦναι]
558 4093 760 4172 ἰσχυροποιῆσαι
773 4126 814 4135 -
829 4092 874 4158 Ἐς
887 4089 961 4175 τόδε]
1002 4091 1047 4152 καί
1060 4100 1165 4151 κτᾶται.
1180 4131 1215 4141 -
1229 4113 1250 4152 ε.
1272 4092 1436 4172 Ἐλάχιστα]
1459 4097 1506 4154 οὐκ
1522 4095 1662 4175 ἐλάχιστα.
1675 4133 1718 4144 -
1731 4097 1783 4161 Καὶ

182 4175 260 4256 μέχρι
274 4178 358 4237 τοῦδε.
373 4211 414 4222 -
427 4176 527 4258 Οθγάρ
542 4181 556 4236 6
569 4176 811 4256 δουλωσάμενος...]
825 4177 854 4236 τδ
869 4184 961 4258 σχῆμα
1003 4178 1071 4258 μήτε
1085 4178 1186 4257 ἑορτήν]
1203 4179 1343 4238 αἰνίττεται
1363 4184 1398 4248 εἰς
1409 4180 1467 4249 τοὺς
1486 4181 1628 4256 Λάκωνας,
1647 4183 1740 4253 οίτινες
1757 4187 1782 4243 ἐν

141 4274 168 4316 ια
181 4262 684 4343 συλλογισμός.-Τοῦτο]τδδουλοῦν.
694 4302 726 4313 -
739 4263 839 4344 Εἴπερ]
848 4265 913 4325 ἐπεί.
923 4301 963 4313 --
1003 4271 1079 4349 ἑορτῇ
1096 4269 1143 4326 οὒκ
1163 4266 1325 4348 ἐστράτευον.
1339 4312 1370 4323 ..
1386 4269 1426 4331 Ἦ
1437 4269 1564 4350 ἀσχολίαν
1579 4271 1720 4346 ἐπίπονον]
1733 4274 1783 4333 ἀπὸ
1793 4289 1814 4329 ιι

180 4349 239 4422 Τήν
253 4350 358 4419 ἀξίωσιν
372 4355 418 4422 τῆς
433 4354 526 4432 ἀρετῆς
540 4351 661 4433 φέρεται]
675 4352 704 4411 τὸ
719 4352 918 4432 σεμνολόγημα,
932 4354 962 4413 τδ
1002 4360 1088 4415 κοινοῦ
1103 4352 1218 4426 ληπτέον
1235 4355 1265 4414 τδ
1278 4358 1407 4436 ἡγεῖσθαι.

182 4436 285 4514 ἀξίωμα
296 4444 342 4511 τῆς
352 4438 516 4510 δικαιοσύνης
528 4438 593 4519 ἔχει.
605 4473 645 4488 -·
657 4461 679 4501 ε.
694 4438 764 4501 Ούδέ
772 4446 817 4500 νῦν
829 4441 872 4502 ἐπὶ
884 4466 962 4524 φανε·
1042 4443 1143 4503 LXXI.
1165 4443 1207 4502 Οὐ
1216 4441 1314 4510 τούτοις
1323 4448 1375 4502 τῶν
1388 4444 1570 4525 ἀνθρώπων]δ
1581 4451 1640 4515 νοῦς
1648 4451 1702 4508 τιῖιν
1710 4449 1782 4528 λεγο·

184 4527 251 4604 ροῖς]
265 4525 310 4583 καὶ
326 4531 370 4584 νῦν
387 4525 452 4607 γδιρ,
473 4527 561 4608 φησὶν,
585 4528 794 4607 ἀμφιύιθιλεται,
814 4533 837 4588 εί
855 4530 962 4589 ἀδικού-
1004 4529 1087 4608 μένων
1096 4535 1221 4603 τοιοῦτος,
1232 4533 1359 4608 Νομίζετε
1369 4534 1399 4590 οὗ
1406 4531 1503 4600 τούτοις
1514 4536 1565 4591 τῶν
1577 4535 1725 4616 ἀνθρώπων
1733 4537 1783 4596 δεῖν

183 4617 258 4690 μεθα.
284 4648 324 4657 -
348 4617 383 4673 Οί
409 4614 460 4696 γὰρ
484 4615 623 4695 δρῶντες...
653 4614 841 4696 διεγνωκότας]
866 4621 889 4676 οἱ
912 4616 962 4697 γάρ
1002 4617 1163 4698 παραμένειν
1172 4616 1219 4689 τήν
1230 4619 1342 4698 ἡσυχίαν
1352 4620 1397 4678 καί
1407 4620 1520 4700 εἰρήνην,
1531 4620 1656 4701 οἰτῇρέν
1667 4625 1782 4704 διαγωγῇ

143 4710 169 4750 ⁵0
184 4699 312 4771 Ἀθηναῖοι
334 4700 397 4782 πρὸς
418 4703 446 4758 οὐ
470 4700 641 4778 διεγνωκότας
670 4706 750 4779 ἡμᾶς.
774 4706 798 4762 οἰ
822 4703 872 4784 γάρ
896 4703 963 4781 μετδι
1004 4706 1049 4763 καθ
1061 4710 1215 4785 παρασκευῇ
1231 4706 1366 4788 εἰρηναίως
1378 4707 1502 4786 διάγωσι,
1515 4707 1695 4791 τῇδδγνώμῃ
1706 4729 1814 4793 qne-w

184 4785 299 4864 σκέψεως
314 4789 349 4854 εἰς
362 4787 409 4859 τήν
423 4788 515 4868 πρᾶξιν
533 4787 669 4870 ἐρχόμενοι
684 4792 730 4849 οὐκ
744 4791 963 4868 ἀναόεύλημένως
1005 4792 1044 4871 ροί
1053 4782 1116 4850 ώσιν
1127 4796 1162 4859 ώς
1172 4796 1344 4870 ἀμυνοῦνται,
1361 4793 1393 4865 ῆν
1408 4798 1557 4856 ἀδικῶνται.
1570 4795 1640 4856 θέλει
1652 4798 1680 4856 δδ
1692 4801 1783 4872 εἰπεῖν,

184 4873 305 4953 ἔρχονται
318 4875 387 4932 κατὰ
400 4879 450 4933 τῶν
467 4876 635 4953 ἀγνοούντων.
655 4915 689 4923 -
710 4897 730 4936 ³.
749 4875 802 4957 Οῗφι
828 4879 895 4958 ὁδῷ]
917 4878 963 4960 οίῳ
1004 4883 1038 4945 ὡς
1057 4884 1129 4957 ὑμεῖς
1149 4881 1234 4952 αὐτοὶ,
1255 4872 1277 4940 ὦ
1297 4883 1515 4959 Λακεδαιμόνιοι,
1533 4885 1562 4941 οὐ
1582 4886 1680 4944 ποιεῖτε
1697 4891 1781 4946 τοῦτο.

184 4960 284 5040 τρόπῳ.
301 4999 334 5008 -
350 4962 414 5022 Ἐπί
423 4963 482 5030 τοὺς
496 4964 591 5043 πέλας]
605 4964 648 5022 ἐπ]
660 4962 719 5030 τοὺς
732 4965 961 5042 Λακεδαιμονίους.
1003 4973 1086 5026 ταῦτα
1098 4967 1163 5035 τινές
1173 4968 1220 5046 μὲν
1230 4969 1289 5027 κατ’
1302 4968 1439 5047 ἐρώτησιν,
1451 4967 1517 5038 τινὲς
1529 4970 1556 5029 δέ
1568 4971 1637 5030 κατά
1651 4974 1782 5055 ἀπόφασιν

185 5085 221 5098 -
235 5048 286 5107 Διά
302 5049 332 5108 εδ
348 5052 517 5125 ἀναίσθητον]
533 5050 576 5111 δεδι
588 5050 635 5123 τήν
648 5051 764 5129 ἄγνοιαν.
774 5087 820 5103 --
834 5053 964 5135 Ἰσχυριῦς
1005 5055 1161 5133 ἀνέγνωσαν.
1170 5055 1264 5129 -Μὴ
1273 5058 1364 5117 λυπεῖν
1375 5065 1451 5130 τε...]
1465 5057 1524 5117 οὔτε
1535 5060 1633 5119 ἀδικεῖν
1646 5060 1781 5140 βούλεσθε,
