3676 5828
203 296 240 353 ιο
778 291 954 354 sellom.
977 295 1007 368 1,
1031 291 1204 358 ιιι-ιον.

202 427 341 511 ρι’κόασις,
356 425 398 486 διὰ
413 424 442 485 τὸ
458 423 587 486 ἀκόλουθα
602 415 667 483 εῖναι
681 428 765 483 ταῦτα
777 427 815 506 τῷ
826 424 895 485 κατδ
908 429 983 486 Παυ-
1025 426 1155 502 διάνοιαν]
1169 427 1218 502 τήν
1240 427 1344 506 γνῶσιν.
1364 459 1396 472 -
1412 426 1465 495 Ὃν
1480 429 1599 514 ἀπέσχε]
1618 433 1732 497 ἐσκόπει
1750 436 1798 522 γάρ

201 515 301 575 σανίαν·
310 512 384 574 οὐδέν
391 513 441 595 γάρ
449 518 533 573 ταῦτα
541 510 643 596 πρύςτύ
652 512 713 591 ἄγος
720 514 909 591 συμύἀλλεται.
918 554 949 566 -
959 535 980 576 ι.
1024 514 1049 575 εί
1061 539 1117 584 πως
1131 515 1210 576 αὐτὸν
1221 517 1248 575 ἓν
1260 517 1298 596 τῷ
1312 514 1409 594 μεταξὺ
1418 517 1804 597 ἀνακαλέσοιντοοίἈθηνσῖο.

200 602 437 684 Ὠστρακισμένος]
450 600 494 661 διά
506 600 536 660 τδ
550 598 687 682 φρόνημα,
702 592 784 682 θείχε
797 605 982 678 Θεμιστοκλῆς
1022 634 1054 646 -
1075 602 1223 684 Ἐπέσχεν]
1246 603 1338 664 ἑαυτὸν
1359 604 1487 677 θηλόνοτι.
1506 638 1538 648 -
1549 611 1616 669 Τῶν
1632 613 1807 693 ἐπιτηδευμά-

200 692 260 774 περλ
282 697 329 765 τῆς
351 691 518 769 Σαλαμῖνος,
539 689 734 771 ἐξωστρακίσθη
754 691 805 749 ὑπὸ
826 691 980 768 Ἀθηναίων,
1021 699 1088 764 των]
1108 696 1159 750 τῶν
1174 694 1248 751 ἐθῶν.
1261 719 1293 729 -
1307 712 1330 753 2.
1343 695 1439 774 Αὐτῷ]
1454 697 1492 775 τῶ
1505 694 1611 776 Πέρση.
1624 724 1660 736 -
1672 699 1760 769 Ὅσας
1770 703 1807 762 οὐ.

172 780 241 843 είνα
258 779 288 839 τδ
314 777 436 862 φρόνημα
460 781 540 838 αὐτοῦ
552 776 707 837 καθέλωσιν.
730 807 762 818 -
779 777 981 861 Είρητο]ἀνετέ·
1023 777 1291 853 δείςπωἙλλήνων]
1307 778 1638 856 Ἱστιαῖος,καλἹππίας,
1654 784 1824 866 ulmi-1

197 871 288 929 ταλτο.
1022 887 1112 946 ρατος,
1125 865 1172 926 καί
1190 868 1274 927 ἄλλοι.
1286 906 1318 919 -
1333 871 1388 929 Τοῦ
1408 867 1589 945 Ἑλληνικοῦ]
1609 871 1704 942 ἔθνους
1722 876 1805 948 δηλοι.

238 958 391 1018 CXXXVI.
415 957 506 1015 Αὐτῶν
521 952 669 1035 εὐεργέτης]
682 953 774 1027 ἐπειδὴ
788 954 839 1037 γάρ
859 956 889 1014 οὐ
904 979 981 1016 συντ·
1021 951 1071 1014 ότι.
1094 985 1126 997 -
1148 954 1281 1016 Ὑπετίθει
1305 959 1400 1037 αὐτῷ]
1424 956 1558 1018 ὐπέύαλλε
1580 964 1621 1042 τῷ
1649 961 1758 1043 Πέρση.
1779 995 1806 1010 -

197 1042 323 1123 μάχησαν
344 1044 368 1102 οί
387 1045 547 1122 Κερκυραῖοι
570 1041 730 1122 τῆἛλλάδι
757 1040 826 1102 κατδι
847 1049 893 1102 τοῦ
914 1047 980 1126 βαρ-
1021 1040 1129 1115 Διδούς]
1147 1043 1205 1102 ἀντὶ
1218 1049 1263 1103 τοῦ
1278 1041 1384 1103 διδόναι.
1397 1074 1430 1088 -
1446 1065 1468 1105 ε.
1486 1035 1540 1107 Ἦν
1559 1045 1614 1129 γάρ
1633 1052 1651 1108 ὃ
1673 1028 1804 1129 Θεμιστο-

197 1130 294 1214 ὐάρου,
314 1129 383 1190 ἀλλά
404 1129 571 1209 ἐσοφίσαντο,
595 1128 705 1207 ἔμελλον
723 1129 816 1199 αὐτούς
840 1132 941 1190 ἀνελεῖν
955 1132 979 1189 οί
1020 1131 1129 1207 κλῆς...]
1153 1129 1282 1210 ἐγκώμιον
1301 1130 1518 1209 Θεμιστοκλέους.
1536 1173 1568 1186 -
1581 1133 1702 1202 Φύσεως
1722 1135 1804 1217 ἰσχύν]

159 1236 184 1276 ιο
196 1218 402 1297 πολεμήσαντες.
417 1221 432 1276 θ
446 1216 474 1276 δέ
488 1219 674 1296 Θεμιστοκλῆς
688 1216 818 1291 ἐκώλυσε,
835 1217 918 1297 λέγων
930 1217 979 1292 ότι,
1020 1220 1067 1288 τῆς
1095 1223 1182 1290 κοινῆς
1209 1222 1260 1277 τῶν
1291 1217 1447 1300 ἀνθρώπων,
1472 1221 1532 1280 ὅσον
1554 1220 1682 1284 δύναται.
1709 1262 1741 1276 -
1765 1224 1804 1293 Ἐς
1814 1245 1835 1285 ιι

196 1311 219 1368 εί
234 1312 311 1368 τοῦτο
328 1306 453 1385 γένηται,
470 1305 516 1364 καί
529 1304 576 1374 τὰς
596 1304 634 1384 μή
653 1306 869 1387 συμμαχησάσας
891 1304 980 1374 πόλεις
1020 1303 1098 1378 αὐτό]
1116 1309 1152 1374 εἰς
1167 1304 1213 1378 τήν
1232 1306 1309 1386 ἰσχὺν
1324 1312 1371 1380 τῆς
1391 1306 1500 1389 φύσεως.
1515 1344 1546 1355 -
1564 1312 1736 1388 Θαυμάσαι]
1754 1313 1805 1372 ἀντὶ

196 1394 340 1473 ἀνέλωμεν,
363 1398 450 1472 μεῖζον
477 1392 559 1462 πάθος
581 1394 656 1454 ἔσται
679 1399 713 1475 τῇ
740 1394 853 1455 Ἐλλάδι
877 1395 979 1477 ἤπερό
1020 1399 1065 1452 τοῦ
1084 1398 1276 1472 θαυμασθῆναι.
1289 1435 1321 1447 -
1336 1395 1450 1478 Οὐιείφ]
1471 1402 1581 1479 φυσικῇ.
1602 1425 1634 1435 -
1652 1399 1802 1482 Οίκείφ...

194 1481 302 1564 Πέρσης
317 1484 398 1553 αὐτῆς
411 1479 549 1563 κυριεύσας
570 1481 704 1554 ἐπεξῆλθε.
724 1481 770 1542 καί
789 1482 833 1541 διά
850 1488 926 1543 τοῦτο
945 1474 978 1556 ήν
1020 1479 1132 1555 ξυνέσει]
1146 1482 1206 1540 ἄνευ
1219 1482 1358 1560 μαθήσεως
1376 1485 1424 1556 τήν
1441 1483 1550 1553 ξύνεσιν.
1569 1525 1598 1536 -
1613 1485 1691 1547 Ούτε
1707 1511 1803 1569 προμιι·

195 1568 330 1650 εὐεργέτης
342 1569 436 1636 αὐτοῖς.
448 1604 489 1615 -
500 1567 682 1649 Ἀπέχθεσθαι]
697 1568 788 1651 έχθρύς
795 1570 924 1650 γενέσθαι.
938 1607 979 1620 --
1020 1567 1070 1627 θὼν
1081 1573 1106 1636 ἐς
1120 1568 1202 1641 αὐτήν
1215 1569 1309 1643 οὐδέν]
1328 1570 1387 1630 οὐτε
1407 1572 1459 1632 ἀπὸ
1479 1572 1681 1655 προμαθήσεως
1705 1573 1802 1655 ἀγαγεῖν

157 1664 181 1704 ¹⁵
194 1657 393 1736 Διακομίζεται]
406 1656 509 1735 ἄγεται.
521 1692 562 1703 -
574 1658 620 1725 Ἐς
635 1657 682 1728 τήν
697 1658 804 1740 ἤπειρον
818 1657 866 1731 τὴν
881 1683 977 1719 καταν·
1019 1680 1044 1715 τι
1059 1658 1083 1723 ές
1101 1656 1191 1731 αὐτήν,
1212 1657 1271 1731 ἤτοι
1295 1657 1342 1731 τήν
1356 1658 1432 1739 ἰσχύν
1449 1664 1497 1730 τῆς
1516 1660 1630 1743 φύσεως.
1651 1701 1686 1714 -
1702 1666 1765 1724 Τῶν
1778 1677 1831 1723 τινε

194 1744 280 1826 τικρύ]
288 1745 336 1816 τήν
347 1744 534 1827 Θεσπρωτίδα.
551 1781 591 1791 -
604 1765 627 1807 ν.
639 1744 753 1826 Πύστιν]
770 1745 871 1828 φήμην.
886 1750 976 1810 -Οὐ
1019 1747 1203 1826 παραχρῆμα]
1219 1750 1271 1805 τῶν
1294 1747 1526 1829 παραπιπτόντων.
1540 1782 1574 1793 -
1593 1747 1734 1827 Γνῶμων]
1753 1750 1803 1833 κρί·

194 1833 283 1916 φίλον]
299 1832 450 1914 πέμψαντος
466 1831 517 1913 γάρ
536 1855 601 1892 ποτε
622 1833 753 1910 Ἀδμήτου
771 1833 893 1904 Ἀθήναζε
915 1834 977 1914 περ]
1018 1831 1075 1903 τής.
1093 1862 1125 1874 -
1149 1832 1354 1907 Ἐπιπλεῖστον]
1374 1837 1461 1903 καλῶς
1481 1835 1510 1893 τδ
1530 1836 1574 1894 ἐπὶ
1593 1839 1733 1898 πλεῖστον·
1751 1843 1801 1898 θεοῦ

195 1920 349 2001 συμμαχίας
369 1919 512 1996 αἰτήσεως,
536 1925 551 1980 ὁ
571 1923 754 1999 Θεμιστοκλῆς
779 1921 900 1980 ἀνέπεισε
927 1921 975 1994 τήν
1018 1918 1068 2000 γὰρ
1081 1919 1159 1996 μόνου
1173 1921 1203 1981 τδ
1216 1920 1306 1980 πάντα
1321 1922 1426 1984 εἰδέναι.
1442 1969 1473 1981 ..
1488 1914 1552 1992 Οἷός
1563 1931 1615 1997 τε]
1628 1917 1663 1996 ήν
1681 1927 1800 1999 δηλονότι.

191 2007 268 2067 πόλιν
283 2008 321 2087 με]
336 2010 425 2067 δοῦναι
440 2009 512 2087 αὐτῷ
529 2007 658 2088 βοήθειαν·
676 2007 721 2067 καί
737 2006 780 2066 διά
791 2015 868 2068 τοῦτο
884 2012 932 2068 οὐκ
943 2001 975 2083 ήν
1017 2040 1049 2052 -
1062 1997 1116 2068 Ὧν
1131 2010 1155 2066 δ’
1167 2008 1274 2091 ἄπειρος
1285 2009 1342 2083 είη,
1354 2012 1402 2069 οὐκ
1416 2011 1574 2083 ἀπήλλακτο
1589 2013 1682 2094 κρῖναι
1697 2016 1800 2087 ἱκανῶς]

151 2115 179 2158 20
192 2099 263 2178 αὐτῷ
275 2096 356 2179 φίλος.
368 2130 409 2143 -
420 2097 590 2175 Καταλῦσαι]
602 2098 749 2155 καταλῦσαι
764 2098 812 2174 μέν
824 2097 918 2177 κυρίως
933 2100 977 2159 ἐπὶ
1020 2084 1084 2166 οἷον,
1099 2095 1145 2154 κο]
1160 2097 1187 2154 ἕν
1201 2097 1300 2164 τούτοις
1312 2096 1365 2164 τοῖς
1379 2097 1521 2177 ἀγνώστοις
1536 2100 1565 2157 οὖ
1582 2100 1751 2180 διημάρτανε
1761 2106 1828 2175 τῆς»)

190 2188 243 2243 τῶν
256 2183 405 2265 ὀχουμένων
420 2185 463 2243 ἐπί
476 2183 605 2266 ἅρματος,
622 2182 746 2262 κατάγειν
758 2183 785 2242 δέ
795 2184 839 2243 ἐπὶ
856 2183 927 2252 νεώς.
936 2220 977 2230 -
1018 2181 1136 2263 κρίσεως.
1148 2187 1165 2261 §
1179 2188 1214 2252 ὡς
1225 2185 1341 2256 ἐδήλωσε
1358 2185 1404 2244 καλ
1418 2185 1463 2244 ἐπί
1478 2188 1529 2244 τῶν
1543 2190 1610 2246 νεῶν
1622 2192 1672 2260 τῆς
1685 2188 1799 2262 κτίσεως,

190 2292 214 2333 ε.
224 2272 288 2332 Ἐπί
295 2271 343 2344 τήν
353 2271 453 2350 ἑστίαν]
461 2270 521 2330 ἔνθα
531 2271 561 2330 τὸ
569 2276 623 2351 πῦρ
633 2270 821 2338 ἀνάπτεταιεῖς
829 2271 908 2348 τιμήν
918 2277 976 2331 θεοῦ
1018 2270 1063 2329 καί
1076 2271 1119 2330 έπί
1133 2277 1179 2342 τῆς
1197 2275 1362 2348 Σαλαμῖνος,
1375 2272 1420 2331 καί
1441 2275 1568 2353 ἀλλαχοῦ.
1588 2307 1620 2319 ·-
1636 2279 1666 2337 Τ
1665 2275 1682 2335 ό
1693 2301 1722 2336 τε
1737 2276 1800 2354 ἀμαυ

190 2359 266 2428 τινός.
280 2395 316 2405 -
329 2361 388 2420 Οὐκ
408 2359 486 2438 ἀξιοῖ]
507 2362 554 2418 οὐκ
574 2358 643 2428 ἄξιον
662 2359 761 2436 νομίζει
781 2349 848 2417 ε’ίναι
866 2365 912 2418 τοῦ
931 2360 976 2420 Ἀ·
1019 2381 1060 2416 νυν
1082 2358 1099 2430 ῆ
1119 2364 1227 2441 χεῖρον]
1251 2360 1282 2418 τῦ
1305 2369 1423 2420 συνοῖσον
1436 2359 1454 2433 ή
1474 2361 1504 2420 τὸ
1526 2362 1687 2441 βλαπτικόν.
1700 2393 1732 2403 -
1744 2364 1800 2425 Μά-

191 2448 299 2525 δμήτου,
315 2482 357 2493 -
369 2447 466 2526 Αὐτός]
479 2452 493 2506 θ
508 2447 701 2523 Θεμιστοκλῆς.
716 2481 757 2493 -
771 2443 863 2529 Αὐτῷ]
879 2451 917 2528 τῷ
931 2448 976 2507 Ἀ·
1018 2449 1113 2520 λιστα]
1127 2452 1180 2507 τῶν
1195 2449 1282 2507 ἄλλων
1297 2447 1425 2520 δηλονότι.
1441 2480 1472 2492 -
1489 2451 1730 2529 Αὐτοσχιδιάζειν]
1743 2451 1800 2511 ἐτοῖ-

150 2557 175 2598 εε
192 2535 334 2617 δμήτιμ.-
343 2533 408 2594 Ὑπ’
423 2533 532 2605 ἐκείνου]
547 2539 594 2592 τοῦ
607 2533 744 2612 Ἀδμήτου.
759 2534 789 2594 τδ
803 2535 830 2592 δὲ
843 2533 910 2606 ἑξῆς·
925 2534 976 2594 ὐπὸ
1021 2558 1076 2611 μως
1091 2534 1184 2614 λέγειν.
1202 2569 1234 2581 -
1247 2556 1270 2596 ε.
1291 2536 1436 2618 Φαρμάκῳ
1452 2538 1592 2596 ἀποθανεῖν
1614 2540 1719 2612 αὐτόν]
1739 2532 1797 2618 αἷμα

189 2625 279 2703 πολλῷ
289 2621 387 2681 ἐκείνου
400 2620 593 2700 ἀσθενεστέρου.
605 2631 657 2689 πᾶς
667 2620 717 2703 γὰρ
730 2625 744 2679 θ
756 2620 843 2701 τυχὼν
854 2622 899 2681 τὸν
915 2623 976 2690 δυς-
1017 2621 1068 2705 γδιρ
1082 2623 1200 2705 ταύρειον
1214 2623 1282 2682 πιὼν
1301 2622 1439 2685 ἀπέθανεν,
1454 2656 1489 2665 -·
1503 2623 1644 2686 Ἀδύνατον
1660 2623 1825 2705 νομίσαντα]Ξ

190 2714 318 2790 τυχοῦντα
332 2708 441 2768 δύναται
453 2715 632 2789 τιμωρεῖσθαι.
643 2744 684 2755 -
697 2708 821 2789 Αὐτός]ὁ
840 2712 976 2787 Θεμιστο-
1017 2702 1084 2770 εἶναι
1095 2759 1102 2773 .
1115 2759 1122 2774 .
1135 2757 1142 2772 .
1154 2711 1300 2791 ὑπέσχετο]
1322 2709 1381 2779 τούς
1395 2709 1509 2794 μακρούς
1525 2711 1649 2779 ἐπαίνους
1664 2716 1692 2772 έν
1710 2714 1799 2781 τούτοις

190 2801 264 2871 κλῆς.
279 2831 320 2843 -
335 2795 467 2877 Ἐκείνῳ]
481 2799 519 2877 τῷ
533 2795 663 2878 Ἀδμήτῳ.
674 2827 713 2845 --
722 2797 820 2880 Χρείας
844 2797 913 2865 τινὸς
929 2797 975 2857 καί
1018 2798 1172 2882 ἀνέτρεψας,
1185 2797 1335 2870 Θουκυδίδη
1345 2845 1353 2873 ,
1365 2799 1474 2880 ἄφρονος
1488 2796 1562 2878 έργον
1574 2799 1671 2879 ἀνδρὸς
1685 2799 1798 2884 δεδρακέ·

189 2887 256 2950 οὐκ.
270 2929 297 2947 ..
313 2883 375 2954 σὼζ,
388 2930 395 2946 .
407 2929 415 2945 .
427 2886 448 2964 .]
462 2882 553 2964 χρείας
566 2883 633 2951 τινὸς
653 2883 759 2957 ἔξωθεν,
773 2886 819 2944 καῖ
839 2885 900 2966 οὐχ]
913 2884 975 2967 περ]
1017 2912 1058 2947 ναι
1073 2887 1166 2957 δείξας.
1184 2891 1207 2946 εί
1221 2889 1272 2968 γάρ
1286 2886 1316 2947 τὸ
1330 2887 1440 2964 μέλλον,
1455 2890 1490 2955 ὡς
1506 2885 1585 2968 ἔφης,
1608 2887 1771 2968 πραέόλεπεν
1785 2893 1798 2947 ό

149 2992 176 3034 ευ
189 2978 256 3046 ζωῆς
266 2973 312 3033 καί
326 2971 448 3032 θανάτου.
463 3007 504 3019 -
515 2972 653 3044 Ἐκεῖνον]
669 2972 712 3031 τὸν
724 2969 864 3051 Ἄδμητον.
876 3004 908 3018 -
921 2977 974 3035 Αὐ·
1016 2978 1216 3054 Θεμιστοκλῆς,
1236 2979 1304 3048 πῶς,
1324 2975 1341 3033 ἀ
1361 2974 1398 3052 μὴ
1419 2967 1451 3047 ῆν
1468 2974 1576 3042 δυνατδς
1595 2975 1721 3050 τελέσαι,
1739 2975 1798 3036 ὐπέ-

187 3061 251 3135 τόν]
266 3061 310 3122 τδν
324 3058 518 3139 Θεμιστοκλέα.
533 3086 565 3095 -
576 3060 637 3141 Ἐφ’
651 3051 685 3141 ᾧ]
699 3051 730 3118 οὐ
746 3058 833 3122 ἕνεκα.
849 3095 881 3108 -
894 3061 975 3121 Ἀπο-
1016 3087 1114 3142 σχετο,
1130 3062 1167 3142 μή
1182 3062 1308 3145 προγνοὺς
1323 3066 1358 3129 ὡς
1372 3067 1388 3134 ἡ
1400 3066 1451 3121 τῶν
1464 3061 1601 3130 Ἑλλήνων
1616 3062 1696 3143 ἰσχῦς
1711 3066 1797 3123 ἀιιατσ·
1806 3079 1825 3118 ει

188 3155 330 3233 στερῆσαι]
347 3147 399 3208 ἀπὸ
413 3153 499 3207 κοινοῦ
513 3147 543 3207 τὸ
556 3150 604 3206 οὐκ
618 3148 693 3217 ἀξιοῖ.
1016 3151 1140 3229 γώνιστος
1164 3141 1196 3222 ήν
1218 3151 1248 3208 ἐκ
1268 3153 1320 3209 τῶν
1342 3148 1543 3230 προλαύόντωνς
1560 3182 1593 3193 -
1611 3169 1633 3208 ε.
1658 3148 1797 3231 Μαγνησίφ

227 3239 397 3300 CXXXVII.
418 3236 523 3317 Ὦςπερ
546 3235 592 3294 καί
619 3235 687 3315 ἔχων
711 3234 789 3294 αὐτὸν
814 3235 973 3315 ἐκαθέζετο]
1016 3238 1188 3318 τῇἈσιανῆ]
1207 3236 1253 3295 δύο
1274 3236 1325 3319 γάρ
1347 3240 1398 3295 εἰσι
1416 3236 1588 3317 Μαγνησίαι,
1609 3237 1741 3312 Θεσσαλι]
1758 3236 1797 3297 καί

188 3328 260 3408 αὐτῷ
273 3328 312 3408 τῷ
327 3324 456 3404 σχήματι.
471 3357 502 3369 -
515 3322 608 3384 Πολλδι
622 3328 750 3395 εἰποῦσιν]
766 3324 825 3383 ἀντί
838 3330 883 3384 τοῦ
898 3328 974 3382 ἀπει-
1016 3325 1133 3398 Ἀσιανή.
1154 3354 1185 3363 -
1204 3329 1343 3396 Μυοῦντα]
1362 3324 1438 3392 πόλις
1457 3324 1558 3406 Καρίας
1582 3328 1597 3384 θ
1614 3329 1718 3393 Μυοῦς.
1734 3359 1764 3373 -
1777 3345 1797 3386 τ.

148 3413 310 3486 θελήσασιν.
326 3445 358 3460 -
372 3413 424 3479 ’Ἐς
440 3410 547 3471 Πύδναν
563 3418 573 3482 ]
592 3409 641 3478 ἕως
666 3416 712 3483 τῆς
735 3409 850 3484 Πύδνης.
864 3446 896 3458 -
917 3411 974 3484 Τὴν
1016 3417 1042 3474 Τ
1043 3412 1060 3471 δι
1079 3412 1126 3489 μὲν
1150 3411 1218 3472 κατά
1240 3411 1444 3484 Παυσανίαν...]
1459 3408 1549 3492 ῶσπερ
1570 3412 1740 3492 σχετλιάζων
1756 3409 1796 3472 καὶ

188 3501 355 3580 Ἀλεξάνδρου
369 3498 470 3573 ]’πολιν
489 3497 623 3572 δηλονότι,
646 3505 693 3558 τοῦ
715 3498 888 3572 Φιλέλληνος.
904 3530 934 3542 -
953 3521 974 3559 ε.
1016 3501 1135 3579 οἰμώζων
1147 3499 1231 3559 ταῦτά
1245 3522 1324 3580 φησιν
1340 3496 1536 3580 θσυγγραφεύς.
1805 3515 1825 3556 ει

188 3588 375 3670 Καταφέρεται
385 3633 391 3646 .
403 3632 431 3648 ..
447 3588 472 3654 ές
490 3586 520 3646 τδ
539 3587 681 3658 Ἀθηναίων
697 3587 896 3668 στρατόπεδον]
911 3588 976 3648 όλλο
1057 3591 1212 3650 CXXXIX.
1235 3586 1304 3670 Περὶ
1315 3590 1367 3645 τῶν
1383 3590 1480 3665 ἐναγῶν
1493 3591 1539 3658 τῆς
1552 3585 1684 3668 έλάσεως]
1695 3587 1742 3648 καῖ
1753 3586 1798 3647 ἀλ·

188 3675 340 3757 δυςτύχημα
349 3681 395 3735 τοῦ
407 3674 625 3752 Θεμιστοκλέους.
642 3701 673 3711 -·
687 3674 855 3757 Ἐπολιόρκει
871 3675 975 3757 Νάξον]
1017 3678 1064 3744 λας
1079 3675 1132 3757 γάρ
1147 3675 1318 3747 ἐποιήσαντο,
1332 3674 1466 3733 ἀπελάσαι
1484 3672 1543 3740 τούς
1554 3672 1629 3732 έννέα
1647 3673 1797 3757 Ἄρχοντες.

190 3764 232 3825 διὰ
245 3764 294 3836 τήν
315 3763 479 3823 ἀποστασίαν
502 3765 590 3836 αὐτῆς.
609 3796 641 3809 -
653 3762 709 3825 Καὶ
724 3764 756 3821 δι’
781 3763 798 3821 ἀ
818 3764 918 3846 φεύγει]
935 3765 976 3824 ότι
1016 3801 1057 3811 -
1075 3764 1226 3844 Ψήφισμα]
1245 3762 1371 3844 θέγραψε
1386 3764 1527 3844 Περικλῆς.
1544 3795 1586 3805 -
1605 3764 1672 3831 Τοῖς
1689 3761 1797 3842 λιμέσιν]

148 3882 176 3923 ςη
190 3851 236 3912 καί
251 3851 329 3912 αὐτόν
354 3874 418 3933 φησι
440 3850 575 3910 συνειδότα
601 3850 645 3910 έπλ
668 3852 795 3935 προδοσία
814 3851 917 3933 φεύγειν
932 3852 975 3912 τὸν
1017 3857 1046 3912 οὐ
1059 3853 1137 3929 μόνον
1147 3858 1192 3910 τοῦ
1208 3854 1354 3933 Πειραιῶς,
1368 3849 1437 3909 ἀλλὰ
1451 3847 1548 3916 παντδς
1558 3848 1668 3926 λιμένος
1677 3843 1716 3911 ὧν
1725 3843 1797 3932 ήρχαι

188 3939 807 4018 Θεμιστοκλέα.-Ἀπομνήσεσθαι]ἀποδοῦναι
819 3940 974 4018 μνησθέντα.
1015 3946 1039 4001 οί
1054 3941 1195 4013 Ἀθηναῖοι.
1212 3971 1243 3983 ·-
1259 3958 1281 3998 α.
1302 3938 1477 4017 Ὑπήκουον]
1498 3944 1552 4003 τοῖς
1571 3937 1826 4017 Αακεδαιμονίυιςθ

188 4063 219 4074 -
234 4026 437 4101 Ἀποσαλεύσας]
453 4027 594 4109 ἀποφυγὼν
608 4031 638 4088 lx
653 4034 698 4088 τοῦ
712 4029 828 4105 λιμένος,
841 4030 887 4089 καὶ
901 4029 975 4112 σάλῳ
1015 4063 1046 4075 -
1058 4028 1273 4106 Ἐπικαλοῦντες]
1286 4026 1356 4094 ἰδίως
1366 4017 1423 4086 εἷπε
1439 4031 1484 4084 νῦν
1499 4022 1556 4083 ἀντί
1565 4028 1615 4082 τοῦ
1624 4026 1797 4103 ἐγκαλοῦντες.

187 4116 331 4194 θμιλήσας,
343 4114 464 4178 τουτέστι
474 4120 512 4199 τῷ
526 4116 642 4198 ἀλιμένῳ
661 4115 748 4198 τόπῳ,
764 4117 824 4176 ἔνθα
844 4117 923 4184 σάλος
933 4120 976 4196 γί-
1015 4147 1046 4160 ·-
1065 4116 1126 4177 Ἐπ’
1145 4115 1293 4197 ἐργασίαν]
1314 4111 1423 4195 περιττή
1444 4117 1460 4184 ἡ
1483 4110 1527 4171 ἐπί
1546 4110 1682 4193 πρόθεσις.
1701 4147 1733 4159 -
1749 4114 1798 4183 Τῆς

189 4228 271 4267 νιται.
286 4238 317 4250 -
327 4224 352 4266 ς.
368 4205 552 4282 Θεμιστοκλῆς
571 4212 582 4277 ]
601 4204 725 4277 έπιστολ]
755 4204 973 4284 Θεμιστοκλέους.
1015 4206 1063 4278 γῆς
1076 4206 1122 4275 τῆς
1136 4198 1219 4285 ἱερᾶς]
1230 4200 1277 4274 τήν
1292 4205 1342 4280 γῆν
1350 4199 1422 4280 λέγει
1436 4198 1484 4272 τήν
1496 4195 1594 4277 μεταξὺ
1610 4199 1748 4281 Μεγάρων
1757 4197 1797 4259 καί

149 4317 176 4360 ια
189 4295 417 4371 -Θεμιστοκλῆς
436 4292 510 4365 ήκω]
530 4292 615 4353 λείπει
635 4296 662 4354 ἀν
682 4301 737 4361 ταῖς
757 4291 881 4360 τοιούτοις
898 4298 916 4366 ἡ
938 4292 973 4353 ὤν
1015 4289 1147 4363 Ἀττικῆς,
1161 4289 1252 4362 ήντινα
1263 4288 1389 4349 ἀνέθεσαν
1406 4297 1463 4356 ταῖς
1474 4287 1653 4355 Ἐλευσινίαις
1665 4289 1746 4356 θεαῖς.
1754 4285 1797 4360 τήν

190 4380 308 4462 μοτοχὴ,
328 4380 361 4439 ἵν’
379 4372 412 4461 ᾖ,
433 4383 618 4459 Θεμιστοκλῆς
638 4380 685 4444 ὤν.
706 4381 765 4455 καί,
784 4407 797 4434 ο
815 4379 894 4443 Ἥκω
913 4382 975 4450 Διὸς
1016 4378 1098 4452 αὐτήν
1113 4380 1141 4439 δέ
1154 4378 1225 4458 λέγει
1239 4376 1285 4438 καί
1300 4377 1429 4459 ἀόριστον.
1445 4374 1576 4459 Ἀόριστος
1591 4375 1621 4435 δέ
1639 4378 1714 4436 ἔστιν
1730 4381 1747 4449 ἡ
1762 4371 1826 4452 μήτε

188 4469 251 4536 παῖς
263 4495 274 4521 ν
287 4478 379 4542 [Ευιῖρ.
393 4479 479 4529 Bacch.
492 4476 514 4542 ι]
524 4468 570 4529 ῶν.
579 4502 611 4515 -
619 4469 711 4531 Πλείω
723 4468 974 4552 ἀγαθά].είργασμαι
1015 4465 1114 4548 ἔχουσα
1125 4466 1199 4550 ὅρους
1209 4465 1277 4546 μηδὲ
1287 4465 1482 4547 σπειρομένην]
1492 4461 1543 4609 γάρ
1556 4463 1722 4546 σπειρομένη
1731 4461 1798 4546 ἀροιε

190 4556 318 4629 δηλονότι.
334 4588 365 4600 -
379 4556 427 4618 Ἐν
440 4562 478 4640 τῷ
492 4560 606 4639 ἀσφαλεῖ
618 4557 665 4636 μὲν
684 4556 743 4636 ἀμυί
756 4565 766 4630 ]
780 4557 814 4617 τδι
828 4556 973 4639 πράγματα
1015 4555 1084 4635 ἔχει,
1098 4555 1144 4615 ἅτε
1161 4546 1227 4615 οὐσα
1240 4552 1437 4634 μεμερισμένη,
1453 4551 1527 4619 έωςο
1557 4550 1628 4610 ἐστίν
1644 4547 1798 4612 έκάστουτύ

190 4634 257 4716 ήσαν
270 4643 397 4718 δηλονότι.
410 4644 484 4707 -Ἡ
497 4645 663 4722 ἀποκαμιδή]
678 4644 868 4727 ήύποστροφή.
879 4647 974 4706 -Εὐ-
1015 4643 1115 4705 δίκαιον
1127 4648 1175 4716 τῆς
1189 4643 1392 4724 διακρατήσεως.
1405 4669 1435 4680 -
1450 4643 1508 4712 Τῆς
1521 4638 1658 4721 ἀορίστου]
1674 4645 1723 4712 τῆς
1737 4639 1797 4698 πολ·

149 4762 177 4805 w
191 4730 309 4810 εργεσία]
326 4731 469 4814 ἀντίχαρις.
483 4763 516 4776 -·
529 4732 638 4813 Γράψας
690 4734 719 4790 οὐ
734 4732 875 4805 διέλυσαν]
890 4736 973 4791 ταῦτα
1015 4735 1073 4804 λῆς.
1088 4771 1120 4784 -
1135 4732 1189 4793 Καὶ
1211 4731 1381 4813 ἀνδραπόδων
1402 4727 1557 4808 ὑποδοχήν]
1577 4729 1614 4794 ὡς
1633 4725 1674 4787 ότι
1697 4725 1796 4790 δούλως

189 4823 275 4879 κεῖται
285 4819 349 4901 παρ’
363 4818 498 4901 Ἡροδότῳ
509 4829 546 4893 [8,
562 4821 612 4901 110]
625 4818 784 4891 ἀκολούθως,
797 4823 831 4887 ὡς
844 4819 972 4900 ἐπράχθη.
1014 4819 1073 4888 τούς
1087 4820 1282 4901 ἀποφεύγοντας
1296 4818 1424 4899 ἐδέχοντο.
1435 4852 1475 4863 -
1488 4837 1513 4877 ε.
1525 4814 1579 4878 Καὶ
1593 4811 1727 4894 λεγόντων
1737 4813 1823 4876 ἀλλοις

189 4906 276 4968 -Δέ
289 4907 382 4980 αὐτόν]
397 4907 441 4966 τδν
460 4908 575 4990 Πέρσην.
1015 4905 1061 4984 μέν
1074 4907 1159 4986 οὐδέν]
1171 4898 1223 4967 οἷον
1236 4907 1295 4989 περὶ
1309 4911 1355 4978 τῆς
1369 4903 1513 4971 Ποτιδαίας
1523 4902 1569 4962 καί
1581 4906 1634 4962 τῶν
1648 4900 1747 4963 ἀλλων.
1759 4935 1795 4948 -

230 4995 412 5057 CXXXVIII.
427 4998 512 5056 Αὐτοῦ
527 4995 574 5067 τήν
588 4995 719 5067 διάνοιαν]
732 4995 771 5054 ότι
787 4986 868 5068 εἶπεν,
881 4993 972 5068 ἐπειδή
1014 4995 1138 5075 Γνώμας]
1155 4994 1261 5076 βουλάς.
1276 5031 1316 5041 -
1331 4991 1429 5073 Ἀπαξ]
1444 4993 1587 5059 παντελῶς.
1602 5027 1643 5038 -
1660 5012 1684 5051 ι.
1699 4990 1745 5060 Ὡς
1759 4985 1792 5070 μή

190 5079 297 5160 ίσχυσε,
312 5087 420 5165 μηχανῇ
434 5107 484 5143 τινι
494 5087 579 5143 σῶσαι
592 5084 636 5144 τδν
652 5082 754 5165 πατέρα
767 5085 856 5144 αὐτοῦ.
871 5114 902 5127 -
915 5083 972 5156 Τήν
1015 5083 1138 5162 ἐμπόδιον
1154 5075 1220 5145 εἶναι
1235 5084 1265 5143 τό
1282 5082 1420 5163 θήφισμα]
1441 5081 1472 5140 τδ
1485 5079 1610 5161 ψήφισμά
1625 5103 1706 5162 φησιν
1726 5076 1793 5141 οὐού
