3676 5828
192 344 246 394 ιιι
821 327 1211 402 8οΗοι1λ.ν11,ει-οα
1284 380 1287 387 .

228 468 317 530 LXH.
339 487 361 527 α.
382 465 430 524 Ἐν
444 463 470 522 δέ
493 468 525 543 τῇ
544 463 691 541 ἐνθάδε...]
709 465 735 521 ἐν
750 463 776 522 δέ
793 469 882 544 τῇνῦν
897 467 966 524 κατά
1010 464 1094 546 ἔργοις
1112 467 1264 541 ἐνδιδόασιν,
1282 469 1459 549 ταπεινότεροι
1478 470 1523 528 καὶ
1544 470 1648 552 χείρους
1665 478 1774 555 mm

188 557 305 635 ἀνάγκην
324 554 375 613 ἀπὸ
396 557 460 611 νεῶν
476 551 638 631 γενησομένη
658 550 807 634 πιζομαχίφ
828 551 966 623 ἐπιτήδεια
1009 558 1055 625 τῆς
1064 555 1230 634 ὑπαρχούσης
1241 555 1373 630 δυνάμεως
1388 562 1471 634 ἡμῶν,

187 643 270 702 ἐσται.
282 675 322 686 -
334 661 355 700 ι.
378 637 495 719 Εὑρηται
510 639 533 695 δ’
549 640 612 714 ἡμῖν
632 638 673 715 ..]
692 638 749 697 ἀντί
764 643 809 697 τοῦ
831 636 967 717 ἐξεύρηται
1049 644 1164 703 LXVII,
1187 646 1243 714 Τῆς
1255 643 1393 716 δοιήοιως]
1403 650 1450 718 ,ἧς
1462 651 1563 727 ἀγαθῆς
1572 651 1686 720 χχπγδος.
1699 690 1734 700 -
1742 663 1782 717 Δ,-

186 731 250 807 ἡμῖν
264 727 373 798 ἐπιύολή
386 731 481 807 χειρῶν
492 727 612 806 σιδηρῶν,
628 717 668 790 αίς
681 725 832 805 προςιούσας
845 725 893 792 τάς
905 731 966 791 ναῦς
1008 727 1109 786 πλασία
1132 729 1241 788 ἑκάστου
1261 734 1278 800 ἡ
1300 730 1383 810 ἐλπίς]
1403 732 1434 792 τὸ
1454 735 1502 811 μέν
1521 737 1648 797 διπλασία
1669 740 1725 798 ἀντὶ
1743 749 1781 802 τοῦ

152 841 165 880 ⁶
187 816 233 883 τὰς
245 815 372 893 πολεμία(
394 813 568 893 κθῦῗθσθμῑνι
582 811 645 878 ὥςῖῑ
666 813 703 889 μθ
719 811 843 871 δύνασθαι
857 813 884 880 ἐξ
899 815 964 871 ἄνα·
1008 817 1205 876 πολλαπλασία·
1219 820 1269 897 οὐχ
1282 819 1393 878 ἑκάστου
1407 821 1434 879 δέ
1448 826 1465 894 ἡ
1480 825 1556 892 ἐλπίς
1575 827 1716 906 διπλασία,
1730 832 1780 889 ἀλλ’
1792 843 1801 880 1

185 904 326 985 χωρήσεως
340 901 481 978 ἐμύόλλειν
503 906 575 978 ἡμῖν.
589 933 630 945 -
642 897 714 959 Ὅσα
733 899 785 980 χρθι
801 903 965 970 ἀντιναυπη-
1008 902 1034 970 ἐξ
1046 904 1157 963 ἑκάστου
1166 907 1217 961 τῶν
1227 905 1368 985 εἰρημένων
1380 910 1596 986 διπλασιάζεται,
1607 915 1638 973 ἐκ
1650 921 1695 974 τοῦ
1707 940 1780 976 κατα·

185 992 276 1069 γῆσαι]
296 990 437 1072 γράφεται,
456 989 504 1046 ὅσα
522 986 559 1064 μί,
580 989 834 1066 ἀντιναυπηγεῐσθαι.
848 1021 888 1032 —-
902 989 964 1047 Τῶν
1008 989 1174 1049 πεπτωκέναι
1189 990 1249 1059 τοὺς
1267 993 1416 1064 Ἀθηναίους
1432 1005 1486 1064 τοῖς
1499 999 1665 1079 φρονήμασι,
1679 1007 1729 1061 ιιςιι
1743 1011 1781 1064 ,ὦ

185 1080 318 1141 ἐπωτίδων
330 1080 428 1155 αὐτοῖς]
440 1077 497 1134 ἀντὶ
510 1081 554 1134 τοῦ
562 1079 613 1134 τῶν
623 1075 818 1155 Συρακουσίων.
832 1075 962 1135 -Ἐπι-
1007 1076 1112 1148 δόκησιν
1132 1077 1201 1158 ἐχειν
1220 1077 1260 1137 ότι
1278 1081 1409 1160 κρείττους
1428 1084 1517 1160 ἐσμέν,
1537 1089 1562 1145 εἰ
1582 1086 1642 1155 τυὺς
1662 1091 1781 1171 κρείττοσι

186 1166 274 1244 ὑαλαί]
287 1167 366 1242 ήγουν
384 1163 523 1222 ἀντιλαόαί
541 1161 663 1243 εὕρηνται
681 1164 753 1239 ἡμῖν.
772 1197 812 1206 -
825 1181 847 1222 ε.
865 1160 964 1229 Ἄλλως
1007 1164 1173 1243 ἐνικήσαμεν.
1187 1201 1226 1211 -
1240 1187 1261 1228 α.
1280 1168 1323 1227 Τά
1337 1193 1366 1228 τε
1379 1174 1426 1239 τῆς
1444 1174 1643 1253 ἀντιμιμήσεως
1661 1180 1779 1252 οὗιῶι,,,γ

145 1276 170 1317 ιο
184 1279 213 1314 τε
227 1256 272 1314 καλ
285 1259 331 1325 τῆς
341 1257 388 1331 γῆς
402 1251 443 1328 ...]
457 1251 499 1309 διὰ
513 1256 602 1321 τοῦτο,
617 1250 703 1330 φησίν,
718 1251 748 1307 ού
763 1248 888 1330 συμφέρει
900 1249 963 1307 ἀνα·
1007 1251 1254 1330 μιμούμενοιήμᾶς,
1266 1255 1353 1336 φησίν,
1365 1261 1389 1315 οἱ
1401 1258 1546 1335 Ἀθηναῖοι,
1558 1264 1672 1333 πολλοὺς
1682 1269 1780 1337 θπλίτοι
1792 1287 1811 1327 ιο

185 1342 322 1423 κρούεσθαι
340 1343 413 1416 ἡμῖν,
437 1338 477 1396 ὅτι
500 1337 550 1416 ἀρα
571 1340 607 1404 εἷς
627 1335 755 1414 πολεμίαν
778 1341 826 1414 γῆν
849 1337 964 1408 ὑπὸτῆς
1006 1339 1167 1399 ἐπεὺίύασαν
1175 1342 1217 1401 ἐπί
1230 1341 1263 1401 τά
1275 1346 1576 1432 καταστρώματα,δπιρ
1587 1356 1654 1430 ἡμῑι
1669 1354 1717 1431 μὲ,
1730 1356 1780 1418 ιγ,

185 1429 365 1508 ἀνακρούσεως
379 1423 607 1504 ἐξενεχθησόμεθα.
1005 1425 1066 1496 ηθές
1080 1429 1135 1486 ἐστι
1150 1428 1195 1486 καί
1214 1429 1257 1487 διά
1274 1437 1350 1490 τοῦτο
1369 1436 1416 1492 οὐκ
1436 1435 1612 1517 ἀνάρμοστον,
1631 1442 1735 1510 ἐκείναις
1755 1444 1778 1503 δί

224 1519 324 1578 Lxlu.
346 1513 521 1593 Ἂπαράξητε]
533 1513 590 1570 ἀντί
599 1517 645 1570 τοῦ
659 1516 694 1578 είς
704 1511 753 1584 τλν
765 1511 899 1570 θάλασσαν
913 1535 963 1569 κα-
986 1586 987 1591 ¹
1006 1511 1119 1570 ἐναντίον
1132 1514 1175 1573 διά
1189 1515 1222 1574 τά
1235 1519 1418 1599 ἐπιφερόμενα.
1435 1558 1474 1568 -
1488 1526 1590 1585 Πολλοί
1605 1527 1633 1586 δέ
1649 1529 1695 1588 καί
1710 1533 1778 1590 ἐποι-

183 1602 325 1673 ταὺάλητε·
334 1600 414 1678 ήγουν
423 1598 489 1676 μετὰ
505 1602 625 1678 ἀραγμοῦ
639 1599 684 1656 καί
699 1598 836 1678 συντριύῆς
850 1599 964 1670 ἀποστή·
1005 1599 1091 1658 τισταί
1104 1604 1233 1682 χερσαῖοι]
1246 1609 1281 1672 ὡς
1292 1608 1318 1664 ἐν
1329 1612 1362 1686 τῇ
1372 1611 1464 1688 πρώτῃ
1476 1611 1515 1690 [c.
1527 1613 1552 1692 7]
1566 1615 1722 1685 θαλασσίους
1731 1609 1779 1677 εἷπε

144 1708 168 1746 ιο
185 1713 260 1760 σητε·
273 1687 339 1762 μετὰ
350 1686 407 1767 βίας
419 1686 585 1766 ἀποκρίνητε.
594 1721 624 1730 -
636 1706 658 1746 ι.
669 1689 694 1745 Τ
695 1689 731 1744 ῶν
744 1686 840 1745 ἀνωθεν
851 1689 961 1762 μᾶλλον]
1005 1685 1063 1753 τοὺς
1075 1689 1211 1769 ἐμπειρίαν
1226 1690 1333 1770 ἔχοντας
1344 1699 1395 1754 τῶν
1408 1702 1546 1772 ναυτικῶν,
1559 1700 1642 1770 οὑτως
1653 1702 1712 1783 άρτι
1721 1729 1776 1786 χορ.
1790 1728 1807 1765 ιι

184 1779 213 1834 τὸ
227 1778 325 1852 μᾶλλον
339 1777 386 1835 οὑκ
400 1774 456 1833 ἔστι
470 1774 643 1854 συγκριτικόν·
658 1776 687 1832 ού
703 1773 753 1854 γὰρ
772 1774 816 1833 καὶ
832 1777 856 1832 οἱ
870 1780 963 1832 ναῦται
1005 1773 1094 1840 ααίους
1106 1777 1134 1834 ού
1153 1775 1210 1844 τσὺς
1223 1779 1384 1861 ἠπειρώτας,
1399 1782 1467 1841 ἀλλά
1480 1784 1539 1853 τοὺς
1554 1787 1677 1869 ἀπείρως
1688 1794 1777 1852 θαλάσ-

184 1869 229 1922 τοῦ
244 1861 403 1943 ἀπαράττειν
415 1861 473 1928 τοὺς
486 1860 626 1938 πολεμίους
640 1861 774 1920 συναίτιοι.
789 1898 818 1906 -
832 1881 855 1922 ε.
872 1859 925 1922 Καί
937 1864 963 1921 ἐν
1006 1882 1053 1932 της
1062 1861 1140 1939 λέγει.
1158 1897 1198 1908 -
1213 1863 1250 1925 Οἳ
1262 1868 1315 1924 οὐδ’
1329 1867 1398 1936 ὅπως
1411 1872 1629 1950 καθεζομένους...
1639 1878 1776 1960 εὑρήοοοοι]

184 1954 221 2032 τῷ
236 1954 306 2029 αὐτῷ
319 1951 386 2029 τῷδε
402 1973 428 2011 κ.
444 1951 479 2020 δ.]
494 1948 539 2008 καί
556 1951 583 2007 ἐν
596 1952 634 2028 τῷ
648 1951 792 2031 παραινεῖν,
807 1950 886 2030 φησί,
904 1947 963 2009 δέσ-
1005 1945 1030 2006 οἳ
1041 1950 1099 2007 οὐδὲ
1113 1951 1279 2029 καθεζόμενοι
1291 1953 1400 2023 τοξεύειν
1412 1957 1458 2016 καί
1470 1960 1612 2030 ἀκοντίζειν
1623 1965 1776 2037 δυνήσονται.

185 2060 242 2114 μαι.
252 2065 283 2074 -
297 2038 351 2099 Καί
362 2037 409 2103 τάς
419 2043 481 2106 ναῦς
488 2036 670 2115 πλείσυς]’ήτοι
682 2041 734 2095 τῶν
745 2035 877 2115 πολεμίων
889 2041 961 2109 νεῶν,
1006 2033 1069 2110 μίαν
1082 2036 1110 2095 δέ
1126 2037 1257 2119 ἀπόφασιν
1268 2041 1378 2118 ἡγητέον
1389 2044 1497 2119 λείπειν,
1512 2046 1556 2104 ἵνα
1570 2041 1631 2128 ήτδ
1647 2053 1748 2134 πλῆρες
1757 2057 1777 2112 οἱ

136 2144 162 2184 εει
183 2122 201 2196 ἢ
213 2131 256 2183 νῦν
269 2124 372 2194 πλείους
385 2124 453 2207 ἤπερ
467 2126 600 2208 πρότερον.
613 2159 652 2170 -
666 2124 722 2195 Τὴν
736 2123 831 2196 ἡδονὴν
843 2125 963 2202 ἐνθυμεῖ·
1006 2121 1092 2203 δέούχ
1101 2125 1253 2205 εὑρήσουσιν
1263 2130 1321 2187 ούδέ
1333 2130 1403 2198 ὅπως
1412 2133 1465 2213 χρίΙ
1475 2135 1505 2193 τὸ
1517 2135 1592 2215 βάλοι
1603 2142 1777 2218 χαθιζομίιοις
1786 2172 1807 2210 ,,

184 2219 283 2288 σθαι...]
293 2214 489 2292 ἐνθυμεῖσθαίτε
501 2212 573 2281 ἄξιόν
583 2213 652 2270 ε’στιν
659 2212 699 2269 δτι
707 2215 744 2270 δεῖ
757 2211 962 2292 διαφυλάξασθαι
1007 2211 1118 2290 ἀφεῖναι.
1131 2247 1170 2256 -
1184 2214 1239 2274 Καί
1254 2218 1280 2274 ἐν
1293 2217 1380 2296 σφίσιν
1393 2222 1479 2288 αὑτοῖς
1492 2223 1601 2297 πάντες]
1614 2225 1644 2285 τδ
1659 2226 1727 2301 ίξῆς,
1739 2231 1777 2288 κοί

183 2305 230 2373 τήν
244 2302 348 2373 ἡδονήν.
363 2301 457 2372 ἡδονὴν
473 2299 500 2359 δέ
514 2299 597 2375 λέγει,
611 2297 644 2369 ήν
655 2297 784 2378 ἐπιφέρει,
797 2300 887 2379 ἐπλτῷ
899 2305 963 2357 θαυ-
1005 2298 1032 2353 ἐν
1054 2296 1140 2376 σφίσιν
1159 2301 1245 2372 αὐτοῖς
1266 2303 1362 2372 πάντες
1380 2306 1546 2386 ταράξονται.
1567 2346 1608 2357 -
1627 2316 1688 2374 (λθκ
1706 2318 1776 2397 ἐντῷ

184 2389 311 2466 μάζεσθαί
322 2387 426 2447 τεκατά
436 2385 670 2460 τήνἙλλάδα,καλ
682 2384 962 2465 κατάτθώφελεῖσθαι,
1006 2385 1092 2442 αὑτῶν
1104 2385 1194 2468 τρόπῳ
1210 2388 1367 2471 κινούμενοι]
1383 2395 1412 2450 οὑ
1427 2395 1496 2454 κατά
1509 2397 1540 2455 τδ
1554 2396 1663 2472 σύνηθες
1681 2402 1776 2470 ἕκαστος

183 2478 210 2536 ἔν
224 2501 252 2536 τε
265 2481 303 2558 τῷ
318 2476 354 2553 μὴ
367 2478 512 2534 ἀδικεῖσθαι
526 2473 613 2544 αὑτοὶ,
630 2473 676 2531 καί
690 2476 717 2530 ἐν
731 2478 769 2553 τῷ
787 2473 892 2553 φοόερολ
909 2483 963 2541 τοῖς
1005 2470 1048 2528 ἐπί
1061 2476 1113 2531 τῶν
1124 2477 1188 2532 νεῶν
1199 2476 1354 2555 κινούμενοι.
1367 2501 1440 2542 -ε,
1453 2481 1502 2542 Ἐν
1513 2483 1606 2566 ὀλίγῳ]
1618 2487 1775 2569 διαστήματι

141 2583 167 2621 ιο
183 2564 306 2636 ὑπηκόοις
318 2562 462 2642 φαίνεσθαι.
472 2596 512 2640 -ss
522 2560 558 2621 Οἳ
571 2560 635 2626 τέως
647 2560 775 2631 Ἀθηναῖοι
785 2561 961 2639 νομιζόμενοι]
1006 2593 1045 2602 -
1064 2559 1177 2641 Ῥᾷσται
1195 2562 1222 2621 δέ
1237 2566 1263 2631 ἐς
1279 2564 1310 2624 τὸ
1330 2566 1547 2644 βλάπτεσθαι...]
1570 2574 1684 2654 ῥᾳδίως,
1704 2579 1773 2660 mi,
1785 2601 1804 2640 ιι

182 2651 241 2718 τοὺς
255 2650 388 2729 μετοίκους
405 2649 484 2725 λέγει.
502 2682 541 2692 -
560 2647 738 2728 Ὠφελεῐσθαι]
757 2648 835 2726 ήγουν
856 2647 962 2728 κερδαί-
1007 2645 1184 2724 βλαύήσονται
1201 2650 1251 2709 ὑπὸ
1269 2656 1321 2710 τῶν
1341 2655 1404 2731 ἡμῖν
1423 2660 1690 2739 παρεσκευασμένων.
1704 2668 1775 2726 -οθ

183 2761 243 2797 νειν.
1005 2740 1173 2815 παρασκευῆς
1186 2737 1274 2797 πίστει
1289 2743 1399 2816 μᾶλλον]
1412 2746 1440 2802 οὑ
1454 2749 1657 2827 τῇπαρασχεοῇ
1670 2752 1776 2825 δηλοιίιι

223 2827 323 2886 LXIV.
352 2823 388 2885 Εί
409 2847 437 2882 τε
462 2821 623 2900 ζυμόήσεταί
645 2845 670 2879 τι
694 2820 768 2893 ἀλλο]
793 2821 961 2903 εὐφημότατα
1005 2822 1183 2900 πιστεύοντες,
1201 2824 1270 2884 ἀλλά
1290 2829 1495 2890 διακινδυνεῦσαι
1510 2834 1679 2911 σπεύδοντες,
1697 2840 1775 2919 inlr}

181 2913 286 2984 ἠνίζατυ
297 2912 344 2983 τήν
360 2904 451 2983 ἧτταν.
467 2944 506 2955 -
520 2913 545 2970 Τ
546 2909 588 2975 ούς
600 2932 628 2966 τε
640 2909 729 2967 ἐνθάδε
744 2909 895 2987 πολεμίους]
909 2910 961 2970 ἀπὸ
1003 2909 1071 2989 τύχη
1086 2910 1116 2968 τδ
1131 2910 1225 2987 μέλλον
1235 2919 1377 2976 ποιοῦνται.

139 3017 165 3059 ³0
182 2979 267 3060 κοινοῦ
276 2999 306 3058 τὸ
318 2997 519 3075 ὑπομιμνήσκω.
530 3032 561 3041 -
571 3016 593 3056 2.
608 2995 690 3076 Ὑπέρ
701 2994 867 3075 ἀμφοτέρων]
880 2996 960 3074 ἤγουν
1043 2998 1170 3059 valss.
1192 3000 1245 3060 Καὶ
1254 3000 1335 3080 τύχην
1346 3005 1456 3086 ἀνδρῶν]
1466 3006 1512 3065 καί
1522 3008 1589 3089 πρδς
1595 3009 1680 3092 τύχην
1688 3015 1774 3096 ἀνδρῶν
1784 3032 1804 3072 ω

181 3089 246 3169 ὑπέρ
262 3111 291 3146 τε
308 3093 354 3159 τῆς
373 3090 481 3146 ἐνταῦθα
496 3083 612 3150 δουλείας
630 3086 702 3159 ὑμῶν
720 3083 766 3140 καί
780 3087 826 3154 τῆς
840 3085 892 3142 ἐκεῖ
910 3087 961 3142 τῶν
1003 3083 1136 3162 πολεμίων
1158 3092 1222 3164 ἡμῖν
1243 3089 1401 3167 ἡττημένην.
1422 3128 1462 3138 -
1481 3095 1643 3175 Νομίσωμεν
1662 3100 1719 3178 ἅμα
1738 3102 1775 3179 μίν

182 3176 267 3234 ἄλλων
278 3173 427 3244 Ἀθηναίων.
1003 3174 1138 3253 νομιμ....]
1159 3175 1340 3253 νομιμώτατάν
1360 3181 1430 3251 ἐστι,
1450 3182 1538 3262 φησίν,
1558 3187 1625 3266 ὀργῇ
1646 3188 1776 3268 προιμῑξοι

221 3264 307 3324 LXV.
329 3263 463 3339 Πληροῦν]
490 3260 589 3339 ἀνδρῶν
605 3255 731 3328 δηλονότι.
742 3291 781 3302 -
793 3257 883 3329 Καλή
905 3260 961 3316 ἐπι·
1003 3262 1056 3325 τοῖς
1074 3260 1206 3328 ἐναντίοις.
1226 3267 1354 3344 προςῆκυν
1372 3264 1423 3347 γὰρ
1444 3276 1497 3335 τοῖς
1510 3273 1716 3351 τιμωροογιίιοιι
1728 3275 1776 3340 zob<

182 3348 303 3427 ύουλή]ή
318 3348 461 3426 ἀντίληψις.
475 3380 512 3391 -
523 3367 545 3404 ε.
562 3343 633 3424 Ιίρδς
645 3349 731 3415 τοῦτο]
744 3344 823 3421 ήγουν
836 3345 899 3424 πρὸς
911 3343 960 3416 τήν
1003 3344 1098 3412 ἀδίκως
1109 3347 1262 3415 ἐπελθόντας
1274 3350 1451 3430 παρέπεσθαι
1464 3359 1553 3428 τοῦτο,
1572 3357 1618 3416 καί
1632 3359 1727 3440 κρίνειν
1743 3360 1774 3419 όπ

133 3453 160 3495 σε
181 3435 323 3506 ἀντιλαύὴν
337 3438 388 3492 τῶν
403 3436 515 3512 σιδηρῶν
528 3435 632 3512 χειρῶν.
644 3465 675 3474 -
689 3450 711 3490 ι.
727 3431 960 3511 Παρεκελεύσαντο
1003 3433 1041 3490 δεῖ
1055 3434 1209 3505 ἀπαπλῆσαι
1222 3435 1265 3494 τθν
1280 3436 1361 3514 θυμδν
1372 3440 1399 3496 ἐν
1414 3442 1448 3519 τῇ
1461 3441 1575 3523 τιμωρία
1587 3449 1634 3502 τοῦ
1650 3447 1774 3526 ἁδοιιςμι.
1786 3475 1806 3514 3

180 3523 284 3588 ἐκείνοις
304 3524 331 3581 οἵ
350 3544 378 3579 τε
397 3518 539 3601 στρατηγοὶ
561 3519 605 3577 καί
624 3519 769 3595 Γύλιππος]
791 3517 886 3585 πάντες
909 3520 960 3578 ὑπδ
1001 3540 1055 3585 τος.
1066 3553 1106 3566 --
1119 3520 1173 3580 Καί
1184 3520 1215 3580 τδ
1226 3523 1364 3601 λεγόμενόν
1377 3548 1428 3585 που
1440 3526 1496 3606 ἥδ]
1507 3527 1538 3586 τδ
1549 3529 1657 3612 ἐχθρώς
1667 3536 1774 3617 w&

180 3611 290 3690 θάρσους
301 3613 328 3668 ἐν
343 3607 441 3675 τούτοις
458 3604 688 3686 παρακελεύονται·
704 3609 728 3663 οἱ
747 3607 887 3685 στρατηγοί
908 3611 959 3665 τῶν
1002 3611 1108 3666 σασθαι.
1123 3642 1163 3651 -
1176 3628 1197 3666 ο.
1213 3608 1259 3670 Ἐν
1269 3601 1303 3692 ᾧ]
1317 3613 1343 3669 ἐν
1354 3636 1392 3693 τῳ
1405 3613 1584 3674 δουλώσασθαι
1596 3623 1677 3695 ἡμᾶς.
1692 3656 1731 3667 -
1741 3623 1776 3683 Τί

181 3697 376 3777 Συρακουσίων,
390 3700 425 3762 ὡς
437 3695 502 3776 ὑπὲρ
514 3696 600 3752 αὐτῶν
614 3693 686 3759 ὄντος
697 3697 742 3750 τοῦ
756 3695 861 3769 ἀγῶνος·
872 3697 895 3752 οί
907 3698 959 3753 τῶν
1002 3693 1199 3775 ἀπρεπέστατα]
1213 3695 1272 3764 τοὺς
1281 3699 1513 3779 ἀνδραποδισμούς.
1529 3743 1561 3754 -
1574 3704 1634 3777 Τὴν
1647 3709 1777 3788 αίοχίοιηο

180 3788 311 3855 Βοιωτῶν,
325 3787 359 3849 ὡς
373 3781 547 3840 ἀντιστάντων
558 3783 584 3838 ἐν
599 3784 631 3858 τῇ
650 3779 733 3860 ἐφόδῳ
747 3785 800 3846 τοῖς
810 3780 959 3851 Ἀθηναίοις·
1002 3780 1151 3861 ἐπίκλησιν]
1163 3782 1211 3854 τήν
1221 3785 1347 3846 δουλείαν.
1359 3826 1390 3836 -
1401 3807 1422 3846 ν.
1435 3788 1639 3872 Καλδςὺἀγιύν]
1650 3796 1775 3864 ἡδιάιοιο·

132 3889 159 3932 ιο
181 3870 324 3950 Κορίνθιοι,
342 3872 377 3935 ιὺς
388 3871 496 3943 ναυτικῇ
510 3865 555 3924 καί
568 3869 634 3942 πεζῇ
649 3865 757 3942 δυνάμει
772 3866 960 3945 βεύοηθηκότες
1001 3866 1080 3934 καλὸς
1090 3872 1154 3945 ἡμῖν
1165 3873 1179 3927 ό
1190 3869 1260 3946 ἀγύιν
1270 3873 1338 3930 ἐστι·
1351 3872 1396 3930 καί
1405 3873 1470 3955 γὰρ,
1480 3876 1635 3955 πραξάοοωι
1646 3884 1722 3958 ἦμῶ,
1733 3881 1775 3941 6,,
1785 3908 1805 3946 w

181 3960 254 4035 μόνοι
261 3960 312 4014 τῶν
325 3955 377 4014 ἀπδ
388 3951 598 4022 Πελοποννήσου·
610 3950 757 4022 Γύλιππος,
770 3956 805 4019 ὡς
816 3953 959 4033 στρατηγὸς
1003 3953 1165 4033 βουλόμεθα,
1179 3948 1250 4015 οὑτσί
1264 3981 1292 4016 τε
1306 3961 1528 4036 κολασθήσονται,
1542 3963 1621 4038 καλή
1640 3976 1715 4028 πᾶσα
1734 3972 1775 4030 Σι-

181 4043 223 4103 ἐπλ
237 4042 320 4123 τούτῳ
332 4043 404 4122 αὐτῷ
415 4038 489 4120 παρὰ
500 4044 551 4098 τῶν
566 4038 779 4115 Λακεδαιμονίων
795 4042 958 4121 ἐκπεμφθείς.
1000 4041 1075 4101 κελία
1087 4045 1328 4124 ἐλευθερωθήσεται.

180 4130 278 4197 πάντας
292 4130 319 4188 δὲ
332 4129 398 4196 είκδς
409 4125 549 4204 ἡδομένως
559 4125 604 4185 καί
620 4125 670 4184 ἀνδ
683 4124 760 4206 μέρος
772 4127 817 4184 καί
830 4130 897 4204 ὑμοῦ
911 4127 958 4199 τὴν
1041 4130 1143 4190 Lxlx.
1166 4130 1276 4202 Ἐπειδὴ
1302 4133 1347 4191 καὶ
1374 4132 1432 4200 τοὺς
1456 4133 1606 4207 Ἀθηναίους
1629 4142 1773 4219 ᾐσθάνοντο]

180 4217 290 4285 διάλεξιν
304 4221 433 4276 ποιεῖσθαι
444 4215 506 4295 πρὸς
520 4212 621 4280 αύτούς.
1000 4214 1163 4295 πληροῦντας
1176 4217 1294 4289 δηλονότι
1308 4217 1354 4286 τάς
1367 4226 1437 4286 ναῦς.
1448 4255 1490 4267 -
1503 4223 1672 4307 Πᾶοχοοοιο]
1691 4233 1715 4288 οἱ
1733 4231 1773 4288 ιιι.

137 4321 162 4361 ιιι
220 4307 319 4365 LXVI.
339 4296 612 4382 Τάπροειργασμίνα]
624 4299 703 4377 ήγουν
716 4303 732 4369 ή
746 4298 957 4380 πραγεγενημένη
1000 4306 1097 4381 θρωποι
1107 4303 1233 4373 δηλονότι.
1244 4326 1309 4364 -ε,
1319 4305 1425 4386 Ἐνδεᾶ]
1436 4309 1804 4398 dulim-{Mna

179 4391 249 4462 νίκη.
263 4424 302 4436 -
317 4387 511 4465 Ἀντελάύεσθε]
527 4387 585 4446 ἀντὶ
603 4393 649 4445 τοῦ
663 4386 813 4465 ᾐσθάνεσθε.
833 4387 864 4431 -’
877 4407 898 4447 ο.
912 4386 959 4453 Ἐς
999 4410 1028 4445 τε
1041 4389 1220 4469 ἐπονομάζων]
1232 4390 1354 4471 Ὄμηρος
1367 4390 1413 4477 [ll.
1428 4397 1466 4468 Κ,
1476 4397 1523 4475 ια]

215 4502 228 4535 ν
259 4477 329 4536 ῶαν
374 4478 417 4533 νδε
445 4475 457 4496 ⁴
476 4474 742 4544 υυνκατάτῦςδιεῆς
768 4473 958 4540 ὤας-Κα-
1132 4529 1139 4543 ,

180 4476 695 4644 ῶρθὺίσίιανίίήγοιίνητγροπαιουχήσέιαν.
705 4498 776 4620 -ὑ
791 4496 894 4642 ξΑνδρες
907 4562 958 4641 γάρ
1061 4529 1178 4591 umam
1189 4529 1300 4592 3²thss
1312 4532 1431 4595 ὀνομάζων
1440 4534 1512 4599 Μία
1522 4537 1633 4589 ‘ww'

181 4650 294 4721 ἐπειδάν,
313 4641 335 4730 ᾧ
356 4649 454 4717 ἀξιοῦσι
477 4645 611 4727 προύχειν,
631 4651 790 4707 κολουσθῶσι
863 4649 874 4727 ]
894 4647 958 4707 ὑπό·
999 4683 1039 4693 -
1053 4648 1140 4717 Ἄξιῶν
1154 4651 1184 4709 τό
1194 4673 1222 4710 τι
1236 4651 1293 4711 καθ’
1305 4654 1396 4712 έσυτδν
1450 4656 1512 4736 τινί]
1528 4656 1621 4732 ἀξιῶν,
1636 4663 1714 4742 φησὶ,
1725 4686 1774 4740 μη-

137 4757 163 4797 οα
180 4761 228 4796 ταν
241 4739 292 4818 γάρ
305 4736 393 4817 ἀνδρες
407 4737 587 4796 ἐλαττωθῶσιν
606 4737 632 4793 ἐν
651 4734 748 4816 τούτῳ,
763 4738 789 4792 ἐν
803 4727 825 4816 ᾧ
840 4736 958 4794 δοκοῦσιν
1000 4736 1059 4795 δένα
1072 4738 1221 4818 προδιδόναι
1230 4737 1278 4810 τὴν
1287 4739 1385 4799 οέκείαν
1400 4743 1503 4823 ἀρετήν.
1512 4780 1553 4790 -
1565 4736 1634 4828 Ὧν]
1647 4751 1694 4808 καὶ
1703 4751 1773 4819 ἀξιῶν
1785 4769 1805 4808 ιο

173 4823 315 4905 ’ὑπερέχειν
328 4827 378 4881 τῶν
392 4821 488 4896 πέλας,
507 4821 544 4889 είς
566 4846 593 4880 τε
613 4820 646 4880 τά
665 4820 743 4880 λαιπά
757 4825 794 4901 τῷ
812 4821 958 4901 φρονήματι
1000 4822 1109 4890 ἐκείνους
1120 4815 1165 4885 ῶν.
1175 4860 1215 4870 -
1225 4816 1279 4885 Ὧν
1289 4830 1420 4908 ἐπιφανεῖς
1429 4822 1541 4905 ἦσαν...]
1551 4838 1629 4894 τοῦτο
1637 4838 1696 4895 καθ’
1705 4842 1773 4918 ὑπερ

180 4915 360 4970 ταπεινοῦνται
379 4911 488 4985 μᾶλλον,
503 4909 573 4989 ήπερ
592 4911 614 4967 εί
629 4907 695 4986 μηδὲ
709 4907 773 4975 ύλως
791 4932 815 4965 τι
833 4909 891 4967 κατ’
909 4913 958 4989 ἀρ·
1000 4909 1249 4971 ύατόν.συντακτέον
1260 4911 1469 4998 δέτῷπατρύθεν
1480 4922 1657 4996 ἐπονομάζων.
1668 4959 1708 4969 —-
1724 4925 1773 4985 Καὶ

180 4999 238 5076 χάς.
260 5032 298 5043 -
322 4997 377 5057 Καὶ
401 5000 439 5075 τῷ
459 4998 523 5075 παρ’
548 4995 683 5073 ἐλπίδα...]
709 4994 753 5054 καλ
775 4995 838 5053 πα’
865 4996 958 5054 ἐλπίδα
999 5001 1044 5068 τῆς
1057 5001 1083 5056 ἐν
1095 5000 1161 5078 αὐτῇ
1176 5000 1393 5083 ἀνεπιτάκτου...]
1406 5005 1452 5063 καὶ
1468 5009 1513 5078 τῆς
1526 5009 1554 5065 ἐν
1567 5013 1601 5086 τῇ
1616 5012 1722 5091 πατρίδι
1733 5012 1772 5081 δη.

183 5082 333 5158 σφαλέντες,
343 5084 381 5164 ἐφ’
394 5075 429 5148 οἷς
442 5083 508 5160 μέγα
522 5083 674 5164 ἐφρόνησαν,
685 5083 772 5163 φησίν,
787 5087 858 5150 αυθις
869 5085 895 5141 ἐν
906 5085 958 5151 τοῖς
999 5083 1084 5143 λονότι
1092 5086 1254 5155 αύτεζουσίου
1263 5092 1360 5166 βιοτῆς.
1369 5090 1519 5153 -Ἄλλατε
1527 5095 1623 5174 λέγων]
1629 5099 1687 5156 καθ’
1699 5101 1771 5178 θοιρ.
