3676 5828
709 395 883 478 βοωοιω.
896 387 920 469 1,
936 405 1061 459 ιι-ιε.
1676 407 1710 458 ιι

103 527 150 588 καλ
173 531 257 587 ταῦτα
278 529 382 600 ἀσθενῆ·
407 531 424 599 ἠ
449 525 500 608 γθρ
517 527 642 608 Ιτυραννὶς
667 532 715 588 οίικ
738 535 770 614 ἰᾷ
793 533 909 608 τελέαις]
929 533 970 594 Ού
982 529 1034 612 γὰρ
1056 529 1281 602 ξυνεσπήκεσαν...
1301 531 1423 613 ὑπήκοοι]
1442 552 1469 592 αι
1485 534 1607 603 δλάττους
1620 534 1708 605 πόλεις

104 615 190 685 αὔξειν
225 613 259 674 τὰ
287 614 442 696 πράγματα.
470 648 511 660 —-
545 618 608 676 Τῶν
640 616 771 699 προςόδων
799 617 886 698 μειζό-
928 619 958 678 ού
972 618 1136 700 συνεμάχουν
1157 627 1215 686 ταῖς
1228 618 1356 697 μεγάλαις
1378 620 1488 692 ὑπήκοοι
1512 612 1595 681 οῦσαι·
1611 623 1641 680 ού
1656 621 1707 704 γθρ

104 727 155 762 νων
186 702 369 782 γιγνομένων]
391 700 475 761 αἰτίαν
500 702 570 782 λέγει
590 707 641 763 τῶν
659 708 827 788 τυραννίδων.
845 741 887 753 -
928 704 1120 776 ύπιήκουον.-
1134 705 1197 766 ’Ana
1210 710 1257 778 τῆς
1270 705 1340 787 ίσης]
1355 708 1413 766 κατ’
1428 709 1536 781 ἰσότητα
1546 709 1706 787 μιγνύμενοι.

103 789 169 851 Ἐπί
185 792 269 872 ῥητοῖς
285 789 404 871 γέρασιν]
426 791 483 849 άντλ
501 795 561 864 τοῦ,
581 790 625 850 έπλ
644 800 766 876 φανεραῖς
780 803 884 874 τιμαῖς,
930 796 947 870 5
968 793 1031 854 Ἀπθ
1049 798 1096 867 τῆς
1113 792 1184 872 ἴσης]
1204 792 1288 852 λείπει
1313 793 1344 853 τδ
1364 795 1521 864 συντελείας.
1544 800 1561 874 5
1583 788 1636 855 οἷον
1655 797 1709 856 ἀπὸ

75 892 90 932 ι
104 877 149 936 έπλ
156 877 369 956 ὁμολογουμένοις
379 876 480 958 γέρασι·
491 882 568 936 τοῦτο
580 876 608 936 δέ
619 879 683 958 πρὸς
693 882 884 955 ἀναδιαστολὴν
926 885 973 952 τῆς
996 880 1063 947 ἰδίας
1081 880 1170 948 οὐσίας
1193 878 1301 948 έκαστος
1320 880 1351 939 τδ
1368 882 1474 960 φθάνον.
1490 918 1529 928 -
1542 905 1564 944 ε.
1583 882 1733 962 Πολεμονο

103 969 156 1025 τῶν
177 965 344 1046 τυραννίδων·
364 962 443 1047 θγθρ
465 963 588 1046 τύραννος
607 965 687 1044 νόμου
706 969 816 1050 κρείττω
830 970 885 1050 ἔχει
927 968 1080 1028 Χαλκιδέων
1092 967 1138 1028 καὶ
1151 967 1321 1050 Ἐρετριέων]
1335 967 1478 1046 ίπολέμουν
1492 961 1563 1029 οῦτοι
1576 970 1641 1051 πρὸς
1658 972 1708 1028 άλ-

102 1052 151 1125 ιήν
166 1053 300 1134 βούλησιν,
313 1052 359 1111 καλ
372 1052 432 1133 οθχλ
445 1052 475 1113 τδ
490 1052 582 1114 αἴσιον.
598 1088 639 1100 —-
657 1057 791 1138 Πατρικαλ
812 1061 886 1137 βασι·
926 1054 1022 1126 λήλους
1035 1055 1095 1136 περὶ
1110 1061 1156 1115 τοῦ
1167 1051 1373 1128 Ληλαντέου.-
1386 1055 1550 1138 Ἑκατέρων]
1568 1062 1621 1117 τῶν
1637 1060 1709 1120 Χαλ·

102 1142 184 1222 λεῖαι]
209 1140 261 1200 ἀπὸ
280 1144 332 1199 τῶν
356 1139 477 1222 πατέρων
503 1141 780 1222 παραλαμῦανόμεναι
815 1144 885 1205 κατὰ
926 1141 1019 1202 κιδέων
1033 1143 1078 1203 καλ
1092 1142 1253 1225 Ἐρετριέων.
1267 1142 1428 1223 -Διέστη]
1440 1144 1598 1219 διεσπάσθη,
1612 1146 1708 1225 ἀνεχώ-

103 1227 227 1308 διαδσχῆν
249 1228 346 1307 γένους.
373 1227 498 1310 διαφοράν
519 1228 546 1288 δέ
566 1228 636 1308 λέγει
661 1231 811 1313 τυραννίδος
838 1230 885 1291 καὶ
927 1254 1015 1312 ρησεν,
1039 1234 1067 1290 οὔ
1082 1232 1273 1312 συνεμάχησεν·
1292 1233 1322 1291 οὐ
1343 1230 1394 1313 γάρ
1416 1232 1486 1311 λέγει
1505 1231 1545 1290 ότι
1568 1232 1708 1314 ἐμερίσθη,

61 1336 89 1377 1⁰
104 1317 253 1397 βασιλείας,
267 1320 302 1384 ὡς
315 1315 361 1377 καλ
378 1318 402 1375 οῖ
420 1315 563 1399 φιλόσοφοι·
576 1321 599 1377 οῖ
614 1317 642 1376 δέ
657 1317 763 1401 ῥήτορες
776 1319 886 1401 άδιαφό-
926 1317 995 1377 άλλδ
1009 1317 1084 1397 μόνοι
1095 1320 1235 1386 Χαλκιδεῖς
1247 1317 1333 1396 μόνοις
1342 1319 1517 1401 Ἐρετριεῦσιν
1528 1319 1668 1400 ἐμάχοντο.
1724 1347 1747 1386 ιο

103 1427 153 1485 ρως
179 1405 307 1484 λέγουσιν.
322 1439 363 1451 ·-
376 1402 549 1484 Ἄντείχοντο]
562 1413 699 1485 προςεῖχον
713 1408 791 1488 αὐτῇ.
809 1428 883 1467 -κ
965 1408 1040 1469 xvl.
1056 1406 1211 1486 Κωλύματα
1228 1406 1265 1484 μή
1284 1407 1438 1487 αὐξηθῆναι]
1455 1407 1539 1467 λείπει
1555 1407 1585 1467 τθ
1597 1412 1651 1468 τοῦ.
1668 1443 1708 1454 -

101 1492 295 1574 Μεταχειρίοαι
312 1491 346 1552 τθ
361 1491 422 1573 περὶ
438 1492 485 1559 τδις
498 1494 571 1571 ναῦς]
586 1493 734 1563 ἐναλλάξαι·
748 1494 801 1554 άπὸ
821 1519 884 1554 πεν-
926 1494 989 1553 Τῶν
1008 1494 1187 1574 πραγμάτων]
1209 1498 1261 1553 τῶν
1281 1497 1429 1574 Περσικῶν.
1444 1494 1475 1554 τὸ
1488 1495 1559 1568 έξῆς,
1573 1496 1619 1555 καὶ
1632 1494 1709 1556 Ἴωσι

101 1579 263 1661 τηκοντόρων
285 1578 476 1662 γὰρ’έποέησαν
497 1579 619 1662 τριήρεις.
640 1615 681 1627 -
699 1585 883 1661 Ναυπηγηθῆ-
924 1582 1013 1661 Κῦρος
1023 1581 1223 1663 ἐπεστράτευσε,
1236 1583 1348 1663 Κροῖσον
1358 1582 1484 1642 καθελών·
1495 1583 1541 1642 καί
1551 1581 1585 1642 τθ
1595 1582 1709 1655 ἑξῆς.-

101 1668 155 1747 ναι]
168 1668 221 1727 ἀπὸ
230 1673 317 1728 κοινοῦ
327 1667 358 1727 τδ
367 1668 497 1746 λέγονται.
506 1689 576 1729 -κ
586 1665 657 1741 'Em
668 1671 690 1728 δ’
702 1669 882 1749 έστλμάλῖστα
923 1701 965 1712 --
979 1667 1032 1728 Καὶ
1044 1667 1205 1750 τδιςνήσοιις]
1218 1668 1366 1730 ἐδούλωσαν
1380 1670 1434 1730 ἀπὸ
1446 1676 1543 1731 κοινοῦ.
1560 1674 1577 1749 5
1590 1671 1660 1750 λέγει
1680 1671 1709 1731 δέ

60 1778 87 1819 ιι
101 1755 250 1837 τριακόσια]
263 1756 330 1823 είκδς
341 1758 368 1816 έν
380 1754 496 1837 τοσούτῳ
510 1754 597 1838 χρόνῳ
611 1756 710 1826 πολλάς
724 1764 787 1826 ναῦς
811 1758 883 1838 γενί-
924 1753 988 1816 Χίον
1001 1755 1047 1815 καὶ
1058 1756 1161 1833 Σάμον.
1722 1780 1746 1820 ιι

101 1848 170 1903 σθαι.
180 1878 221 1890 -
233 1844 278 1911 Ἐς
289 1843 337 1916 τήν
343 1842 466 1915 τελευτήν
476 1846 551 1904 τοῦδε
559 1851 604 1904 τοῦ
613 1845 743 1925 πολέμου]
752 1846 881 1924 γνωστέον
963 1846 1053 1905 xvll.
1073 1843 1123 1913 Ἔς
1136 1868 1165 1903 τε
1176 1844 1207 1904 τὸ
1219 1844 1309 1924 σῶμα]
1321 1844 1347 1913 ές
1358 1869 1388 1905 τε
1399 1845 1429 1905 τδ
1445 1845 1588 1928 φυλάσσειν
1601 1845 1632 1906 τθ
1643 1845 1707 1907 ίδιον

100 1930 449 2012 καλέντεῦθεν,ότιῦστερον
461 1930 621 2013 συνέγραψεν
635 1935 820 2008 θθουκυδίδης
834 1933 881 2007 τήν
923 1933 1011 2008 σῶμα.
1025 1965 1066 1977 -
1080 1931 1218 2010 Μάλιστα]
1238 1932 1270 1991 τὸ
1293 1932 1410 2010 μάλιστα
1435 1933 1493 1993 ἀντὶ
1515 1940 1561 1994 τοῦ
1590 1933 1708 2016 οῖκριῦῶς

99 2017 168 2088 λέξιν
192 2024 238 2091 τῆς
251 2019 374 2101 ἱστορίας.
397 2054 438 2065 -
456 2038 480 2080 ε.
502 2019 649 2099 Ναυμαχία
670 2044 700 2079 τε
718 2021 879 2095 παλαιτάτη]
922 2017 1053 2095 λαμὸάνει
1067 2024 1081 2079 ὁ
1094 2019 1266 2090 Θουκυδίδης.
1281 2020 1312 2079 τὸ
1332 2019 1360 2080 δέ
1377 2021 1522 2102 θπερῦατδν
1540 2021 1637 2094 οὕτως,
1658 2020 1707 2080 τύ-

100 2107 263 2190 Περιάνδρου
276 2113 322 2168 τοῦ
332 2110 386 2167 υἱοῦ
398 2106 520 2189 Κυψέλου
533 2113 716 2187 τυραννοῦντος
732 2109 882 2191 Κορινθόθι,
923 2129 1009 2186 ραννοῑ
1027 2104 1075 2175 τθς
1092 2106 1181 2174 πόλεις
1197 2105 1292 2188 ᾤκουν.
1310 2142 1352 2154 -
1369 2111 1405 2168 Οἱ
1425 2108 1477 2191 γθρ
1491 2112 1518 2168 έν
1537 2104 1661 2191 Σικελίᾳ]
1677 2108 1707 2167 τό

59 2214 88 2253 εο
101 2193 145 2255 διθ
156 2196 200 2255 τὸν
213 2195 287 2277 φόνον
296 2193 460 2277 Λυκόφρονος
468 2200 514 2254 τοῦ
525 2195 600 2264 υῖέως
609 2200 698 2257 αὐτοῦ.
711 2201 728 2269 ἡ
740 2195 768 2256 δέ
779 2198 881 2277 ἱστορία
922 2193 973 2273 γάρ
986 2193 1043 2253 ἀντὶ
1060 2199 1105 2254 τοῦ
1120 2193 1157 2255 δέ.
1173 2199 1190 2273 5
1207 2198 1243 2256 Οί
1256 2194 1308 2276 γὰρ
1322 2198 1348 2254 έν
1361 2199 1434 2276 Σικ]
1453 2199 1482 2256 οὗ
1498 2196 1567 2276 λέγω
1581 2196 1705 2278 περὶτῶν
1719 2213 1747 2255 κο

99 2292 185 2343 κεῖται
196 2281 265 2343 κατδι
275 2281 385 2352 διέξοδον
399 2282 461 2360 παρ’
476 2282 610 2365 Ἡροδότῳ
625 2291 667 2358 [3,
678 2291 729 2357 οσ].
739 2318 780 2330 -
791 2284 881 2367 Μέχρι
922 2281 950 2338 έν
973 2281 1091 2362 Σικελία·
1105 2284 1129 2341 οἱ
1143 2281 1193 2362 γάρ
1208 2284 1235 2341 ἐν
1260 2282 1370 2364 Σικελία
1384 2283 1429 2342 ἐπὶ
1452 2285 1584 2356 πλεῖστον,
1608 2284 1654 2343 καλ
1672 2281 1707 2342 τδ

98 2373 146 2429 τοῦ
160 2372 239 2429 αύτοῦ
250 2368 357 2450 χρόνου]
377 2373 403 2437 ές
413 2367 461 2441 τήν
475 2368 599 2441 τελευτήν
616 2372 734 2442 δηλονοτι
747 2373 822 2431 τουδε
834 2395 880 2432 του
922 2365 986 2438 έξης.
1003 2403 1045 2414 -
1065 2368 1129 2429 Ἐπὶ
1153 2370 1275 2428 πλεῖστον
1298 2367 1436 2451 ἐχώρησαν
1455 2370 1600 2450 δυνάμεως]
1624 2371 1706 2450 ἤγουν

99 2457 225 2534 πολέμου.
239 2493 281 2506 -
297 2480 320 2520 ε.
341 2456 523 2537 Κτησάμενοι]
535 2457 591 2538 Ιούχ
610 2460 633 2516 οἱ
650 2458 759 2532 πάντες,
780 2460 838 2518 ἀλλ’
856 2462 880 2521 οἱ
921 2455 1029 2515 πλείονα
1039 2454 1149 2534 δύναμιν
1158 2455 1435 2539 περιεῦάλοντα-κ.
1447 2458 1620 2541 Ἀτολμοτέρα
1627 2451 1704 2531 εἶναι]

102 2544 241 2626 Κορίνθιοι.
255 2581 297 2592 -
313 2545 353 2608 Τδ
365 2544 488 2626 ληστικδν
503 2544 644 2626 καθῄρουν]
658 2545 702 2605 έπλ
712 2551 758 2605 τοῦ
777 2545 881 2615 Μίνωός
921 2543 991 2603 κατὰ
1004 2549 1090 2603 κοινοῦ
1100 2544 1130 2604 τδ
1144 2543 1291 2623 κατείχετο.

58 2647 87 2687 αι
100 2655 190 2715 φησιν,
205 2633 244 2713 ἐφ’
264 2631 324 2694 ὅσον
341 2635 468 2707 ἠδύνατο,
483 2632 513 2691 τὸ
525 2633 647 2712 ληστικδν
661 2633 777 2714 καθῄρει·
791 2639 836 2693 νῦν
853 2632 880 2694 δέ
960 2634 1063 2695 XVlll.
1086 2631 1140 2693 Καὶ
1154 2631 1226 2713 πρίν]
1240 2631 1299 2704 ἤτοι
1312 2630 1358 2689 καὶ
1371 2629 1505 2712 πρότερον·
1516 2633 1635 2706 δηλονότι
1654 2635 1705 2716 πρὸ
1720 2669 1747 2711 ²⁸

99 2717 230 2779 τδλεῑπον
243 2723 267 2779 οῖ
292 2718 423 2801 Κορίνθιοι
443 2719 607 2799 εἰργάσαντο.
624 2755 664 2768 -
677 2741 700 2782 σ.
722 2720 777 2782 Καὶ
789 2719 880 2781 Ἴωσιν
920 2720 972 2777 τῶν
992 2722 1039 2791 τῆς
1058 2718 1166 2790 Ἀθήνης
1185 2716 1327 2798 τυράννων.
1350 2716 1422 2796 λέγει
1442 2717 1469 2776 δὲ
1484 2720 1622 2791 πλείστους
1631 2717 1698 2787 ε’ίναι

99 2801 218 2886 ῦστερον]
232 2804 299 2883 μετὰ
313 2805 360 2878 τήν
379 2809 431 2864 τῶν
456 2805 598 2887 Κορινθίων
616 2807 763 2885 ναυπηγίαν
785 2812 803 2879 ή
825 2812 878 2867 τῶν
920 2804 981 2872 τοῦς
993 2805 1134 2877 Ἀθηναίων
1148 2805 1300 2886 τυράννους,
1316 2803 1361 2864 καλ
1375 2801 1468 2870 αύτούς
1481 2806 1643 2875 τελευταίους
1654 2832 1706 2868 κα-

99 2890 197 2951 Ἰιίινων
221 2892 349 2972 είςάγεται
366 2892 426 2972 περ]
443 2893 474 2952 τδ
490 2893 610 2954 ναυτικδν
625 2895 772 2973 ἐπιμέλεια.
787 2898 805 2973 5
819 2900 836 2969 ή
849 2893 877 2954 δέ
918 2895 1063 2964 ταλυθῆναι
1076 2891 1126 2951 ύπθ
1140 2889 1362 2970 Δακεδαιμονίων.
1378 2929 1413 2939 -
1427 2890 1504 2962 Πλήν
1518 2896 1572 2951 τῶν
1582 2896 1608 2952 έν
1624 2897 1705 2956 Σικε-

99 2978 201 3060 ἱστορία
207 2984 260 3039 τῶν
269 2980 366 3042 Ἰῶνων
376 2980 443 3053 δήλη
453 2983 480 3040 έν
490 2986 523 3063 τῇ
536 2982 561 3039 α’
570 2982 725 3064 ἱστορίᾳτοῦ
735 2981 878 3065 Ἡροδότου
919 2980 977 3061 λίφ]
983 2979 1123 3061 τυράννων·
1132 2970 1202 3039 οῦτοι
1207 2977 1258 3060 γδιρ
1266 2979 1374 3037 ύστατοι
1382 2977 1562 3051 κατελύθησαν
1570 2980 1703 3045 ἁπάντων.

58 3094 87 3135 ⁸0
102 3066 380 3146 [1mqq.].-m0›<]
397 3066 529 3146 Ἀττικῶς,
537 3068 879 3142 ἀπδεύθείαςτῆςυίεύς.-
918 3065 1007 3128 -Ἡ
1024 3064 1076 3147 γὰρ
1092 3065 1280 3144 Λακεδαίμων]
1295 3070 1311 3137 ἡ
1324 3063 1455 3139 σύνταξις,
1472 3064 1554 3147 ἡγὰρ
1570 3069 1702 3128 Λακεδαέ-
1717 3097 1743 3138 ω

98 3155 154 3225 Τῆς
168 3177 196 3213 τε
208 3158 267 3215 καθ’
280 3153 395 3226 ἑαυτούς]
410 3154 529 3233 γείτονος
543 3157 573 3215 ού
586 3154 637 3238 γθρ
650 3156 747 3228 πάσης.
761 3192 802 3203 -
813 3156 878 3230 Ῥή·
921 3178 978 3232 μων
993 3153 1038 3212 έπλ
1056 3154 1178 3213 πλεῖστον
1191 3143 1228 3211 ῶν
1243 3151 1320 3230 ίσμεν
1341 3150 1435 3233 χρόνον
1453 3153 1636 3231 στασιάσασα,
1654 3157 1705 3237 πρὸ

98 3241 182 3320 νειαν]
196 3240 244 3318 μία
263 3245 315 3301 τῶν
329 3240 476 3301 Κυκλάδων
498 3247 515 3315 ἡ
530 3241 645 3314 Ῥήνεια.
659 3279 699 3291 -
712 3246 838 3312 Φωκαεῖς
850 3267 879 3304 τε
920 3245 965 3313 τῆς
976 3245 1028 3301 τῶν
1042 3240 1220 3322 Ἡρακλειδῶν
1230 3239 1340 3300 καθόδου
1352 3237 1484 3312 δηλονότι,
1499 3239 1571 3318 ὅμως
1578 3241 1644 3319 μετὰ
1656 3243 1705 3316 τήν

99 3328 261 3388 Μασσαλίαν
275 3327 421 3407 οἰκίζοντες]
432 3330 551 3402 Φωκεῖς,
568 3334 592 3390 οἱ
607 3335 653 3403 τῆς
666 3330 811 3404 Ἑλλάδος,
826 3331 878 3391 άπθ
920 3327 1004 3388 κτίσιν
1014 3332 1066 3388 τῶν
1073 3333 1118 3387 νῦν
1125 3325 1291 3386 ἐνοικούντων
1298 3325 1379 3399 αὐτὴν
1386 3325 1510 3407 Δωριέων
1521 3328 1704 3405 εύνομήθη.·-

98 3415 220 3484 Φωκίδος
241 3417 350 3485 πόλεως·
364 3419 505 3495 Φωκαεῖς,
517 3420 542 3477 οἱ
556 3421 603 3490 τῆς
617 3412 733 3498 Ἰωνίας,
748 3418 801 3478 άπδ
815 3422 879 3481 Φω-
918 3412 1013 3493 Ὀμως
1028 3418 1058 3474 ίκ
1071 3412 1234 3474 παλαιτάτου
1249 3413 1295 3473 καλ
1312 3412 1455 3492 εὐνομήθη]
1474 3412 1560 3487 πόθεν,
1575 3416 1662 3496 φησίν,
1680 3419 1704 3476 οί

56 3530 85 3570 τε
98 3501 175 3571 καίας
187 3501 296 3572 πόλεως.
312 3503 425 3582 5Ἷωνες
437 3504 508 3573 ὄντες
521 3507 545 3564 οἱ
556 3506 680 3574 Φωκαεῖς
695 3506 741 3566 καλ
753 3506 880 3585 πολεμού·
920 3501 1123 3580 Λακεδαιμόνιοι
1133 3501 1192 3568 τοῦς
1205 3499 1344 3582 τυράννους
1356 3499 1516 3575 κατέλυσανς
1531 3504 1561 3561 έκ
1571 3506 1618 3574 τῆς
1632 3505 1703 3563 εὐνο-
1716 3525 1743 3566 ει

99 3613 173 3668 μενοι
187 3590 239 3650 ὑπδ
253 3595 373 3672 Περσῶν,
386 3591 492 3672 ἀφέντες
505 3591 552 3664 τήν
561 3592 675 3672 Ἰωνίαν,
691 3592 819 3654 ἔπλευσαν
835 3595 880 3654 έπῖ
921 3589 982 3667 μίας
995 3589 1042 3650 καλ
1063 3595 1109 3648 τοῦ
1123 3589 1165 3648 &l
1185 3591 1301 3670 τῇαῦτῇ
1323 3585 1442 3669 πολιτείᾳ
1461 3592 1584 3669 χρῆσθαιΙ
1609 3581 1703 3672 άφόό

97 3678 146 3750 τήν
160 3676 284 3761 Ἀφρικήν
305 3678 354 3751 τήν
367 3678 452 3738 πάλαι
466 3680 627 3760 Καρχηδόνα
646 3681 819 3759 καλουμένην·
839 3682 879 3742 ἀεὶ
920 3675 1157 3754 Λακεδαιμόνιοι...
1167 3676 1269 3757 -Ἇφ’
1282 3667 1323 3753 οῦ]
1336 3673 1464 3756 γράφεται
1472 3675 1519 3735 καί
1529 3675 1562 3748 ά,
1572 3674 1591 3748 ἢ
1602 3679 1638 3744 είς
1650 3677 1667 3736 ά
1678 3678 1702 3736 υ’

98 3763 127 3824 δέ
149 3769 207 3833 ταῖς
227 3765 398 3845 οἰκιζομένοις
411 3768 439 3825 αἱ
463 3766 575 3839 πλησίον
599 3767 787 3830 ἐναντιοῦνται.
813 3766 880 3842 ἡδί
920 3763 966 3837 έτη
980 3767 1005 3824 οἱ
1019 3763 1230 3842 Λακεδαιμόνιοι·
1246 3763 1377 3822 τουτέστιν
1391 3764 1417 3821 έν
1432 3754 1468 3829 οἷς
1489 3761 1582 3826 έτεσιν.
1601 3799 1642 3810 -
1659 3768 1702 3844 Τῇ

96 3853 243 3913 Μασσαλία
255 3853 331 3923 πόλις
341 3855 396 3913 έστὶ
409 3856 455 3926 τῆς
468 3854 597 3936 Ἀφρικῆς.
920 3854 988 3933 αὐτῇ
1004 3851 1134 3932 πολιτείᾳ]
1146 3856 1180 3931 τῆ
1193 3849 1347 3931 ὀλιγαρχία,
1362 3873 1396 3930 τη
1415 3850 1548 3932 γερουσία.
1564 3890 1600 3901 -
1618 3849 1662 3912 Τθ
1675 3854 1702 3911 έν

38 3934 84 4010 ἰα
137 3935 214 4001 XIV.
228 3939 459 4022 Πεντηκοντόροις]
472 3938 741 4021 πεντηκόντορόςέστι
754 3942 879 4009 ναῦςθπθ
919 3947 977 4006 ταῖς
989 3937 1080 4005 ἄλλαις
1093 3939 1187 3997 πόλεσι
1200 3936 1374 4017 καθίστασαν]
1388 3939 1423 4004 είς
1436 3936 1509 4006 τάξιν
1520 3937 1579 3996 τινὰ
1590 3939 1635 3998 καλ
1649 3962 1701 3998 κα·
1715 3961 1742 4001 ιο

96 4025 260 4097 πεντήκοντα
272 4027 439 4109 έρεσσομένη.
453 4061 494 4074 -
507 4025 700 4108 Ἔξηρτυμένα]
713 4027 880 4106 ἡτοιμασμέ-
919 4025 1046 4084 τάστασιν
1058 4023 1147 4106 έφερον
1161 4024 1195 4083 τὰ
1205 4023 1350 4105 πράγματα
1360 4069 1369 4103 ,
1380 4023 1428 4093 τὰς
1441 4025 1593 4107 τυραννίδας
1606 4032 1702 4086 καθαι·

96 4136 138 4172 να.
153 4148 194 4160 -
207 4113 326 4194 Ἐκεῖνα]
338 4113 373 4173 τθ
385 4112 495 4174 παλαιά.
509 4149 551 4160 --
560 4133 583 4174 ε.
596 4117 659 4182 Τοῖς
671 4114 816 4196 τυράννοις]
827 4115 878 4177 Γέ-
920 4118 1031 4193 ροῦντες.
1046 4146 1078 4157 -
1095 4133 1117 4173 κ.
1132 4111 1328 4192 Διανοηθέντες]
1342 4115 1392 4192 οὐχ
1407 4111 1447 4171 ὅτι
1462 4112 1637 4184 διανοηθέντες
1654 4116 1702 4172 οὐκ

96 4203 161 4259 λωνι
184 4201 230 4260 καλ
244 4200 353 4283 Ἱέρωνι.
365 4236 405 4248 -
417 4222 440 4262 a.
459 4201 639 4280 Προςδοκίμου
657 4201 740 4282 όντος]
765 4203 808 4262 διὰ
830 4200 879 4274 τήν
919 4199 1055 4273 ἐποίησαν,
1071 4199 1140 4258 ἀλλὰ
1163 4199 1304 4277 θαυμάζει,
1318 4203 1374 4265 πῶς
1393 4197 1459 4266 ὅλως
1472 4198 1649 4270 διενοήθησαν.
1661 4233 1702 4246 --

97 4291 124 4346 έν
141 4291 285 4369 Μαραθῶνι
299 4289 397 4370 μάχην.
411 4324 452 4335 -
465 4289 687 4370 Ἐναυμάχησαν]
701 4293 727 4350 έν
744 4292 878 4370 Σαλαμῖνι
919 4286 1183 4371 Ἀνασκευασάμενοι]
1199 4286 1232 4345 τὰ
1250 4285 1330 4358 σκεύη
1351 4285 1533 4354 θναλαύύντει.
1548 4321 1588 4335 -
1601 4286 1702 4369 Διεκρί·

53 4389 83 4428 06
97 4376 224 4447 δηλονότι.
918 4375 1012 4453 θησαν]
1032 4375 1057 4433 οἱ
1071 4372 1210 4442 Ἓλληνες.
1233 4408 1274 4419 -
1296 4374 1592 4456 Πολλῷδιεκρίθησαν]
1613 4375 1701 4456 χρόνῳ
1714 4388 1740 4427 ⁴⁵

136 4465 202 4525 XV.
223 4465 259 4524 Οἱ
270 4460 428 4545 προσχόντες
440 4461 537 4540 αύτοῖς]
550 4465 574 4522 οἱ
587 4463 746 4544 προσχόντες
756 4467 809 4533 τοῖς
819 4487 878 4524 ναυ-
918 4461 1066 4533 διέστησαν.
1075 4463 1159 4520 -Οῖ
1169 4457 1428 4540 Ευμπολεμήσαντες]
1438 4469 1491 4528 τοῖς
1503 4460 1645 4533 Ἀθηναίοις
1654 4462 1700 4520 καλ

95 4548 372 4630 τικοῖς.-Ὅσοι]ῆ
390 4551 414 4608 οῖ
427 4551 560 4632 καταστρέ
592 4550 677 4623 ντεςῆ
691 4555 715 4611 οἱ
728 4574 876 4633 καταστρε-
918 4545 1143 4624 Λακεδαιμονίοις.
1164 4581 1205 4593 -
1218 4548 1326 4627 Ταῦτα]
1338 4548 1372 4606 τθ
1392 4547 1538 4631 πράγματα
1553 4551 1606 4607 τῶν
1623 4548 1701 4621 Ἀθη-

95 4635 212 4716 φόμενοι.
229 4670 270 4681 -
284 4635 364 4697 Ὅσοι
378 4635 415 4713 μή
430 4638 523 4716 διαρκῆ
543 4572 614 4715 εέχοον
635 4636 737 4717 χώραν]
750 4640 774 4696 οἱ
794 4660 876 4696 κατα·
917 4635 997 4695 ναίων
1019 4635 1065 4695 καῖ
1086 4638 1138 4694 τῶν
1152 4635 1376 4714 Λακεδαιμονίων.
1399 4672 1440 4683 -
1452 4657 1474 4698 ³.
1496 4635 1662 4717 Ὁμαιχμία]
1682 4641 1699 4709 ἠ

95 4723 263 4804 στρεφόμενοι
284 4722 332 4795 τήν
349 4724 495 4804 ἀλλοτρίαν,
514 4715 584 4784 οῦτοι
608 4723 645 4801 μή
668 4726 762 4805 διαρκῆ
786 4722 876 4805 χώραν
916 4722 1049 4803 θμαιχμία
1063 4725 1093 4783 έκ
1105 4728 1150 4782 τοῦ
1164 4726 1229 4802 ὁμοῦ
1243 4724 1288 4783 καὶ
1305 4723 1374 4804 έχω,
1388 4724 1405 4796 ἢ
1421 4727 1520 4803 μᾶλλον
1535 4727 1564 4785 έκ
1579 4731 1624 4785 τοῦ
1634 4729 1699 4804 ὁμοῦ

51 4842 81 4880 ω
96 4811 213 4891 ἔχοντες,
238 4810 363 4870 ἐπέπλεον
384 4812 448 4894 πρδς
464 4811 511 4878 τὰς
528 4810 706 4892 πορθουμένας
719 4811 821 4883 νήσους.
835 4846 876 4858 -
916 4813 961 4870 καί
977 4812 1073 4892 αίχμή.
1086 4846 1128 4857 -
1140 4806 1255 4871 Ἔπειτα
1269 4813 1297 4871 δὲ
1312 4812 1520 4893 διενεχθέντες]ή
1532 4813 1579 4891 μέν
1590 4813 1700 4896 ἀκριῦής
1714 4839 1739 4877 ω

94 4921 118 4960 ε.
132 4897 214 4959 Ὅσοι
226 4898 272 4959 καὶ
292 4899 420 4979 ίγίνοντο]
432 4900 542 4977 πόλεμοι
566 4899 694 4970 δηλονότι.
707 4933 747 4947 -·
764 4899 818 4959 Καὶ
831 4901 876 4962 έκ-
916 4899 988 4958 αίτία
1001 4904 1047 4972 τῆς
1057 4899 1147 4979 μάχης
1161 4901 1191 4959 ού
1206 4899 1326 4982 φέρεται,
1340 4901 1418 4962 πόθεν
1438 4901 1548 4981 ἐγένετο·
1566 4904 1604 4961 δεῖ
1619 4901 1645 4961 δέ
1660 4905 1699 4961 εί-

95 4986 194 5065 δήμους
217 4985 366 5067 στρατείας]
387 4986 417 5046 τδ
432 4987 503 5058 έξῆς,
521 4986 567 5045 καὶ
587 4989 623 5054 εἰς
639 4984 776 5067 στρατείας
795 4984 875 5058 έκδή-
918 4987 989 5045 δέναι
1004 4990 1039 5054 ὡς
1053 4985 1121 5064 μετθ
1136 4986 1179 5046 τθν
1195 4988 1313 5060 Μηδικόν
1332 4990 1433 5069 ἐγένετο
1445 4989 1570 5068 πόλεμον,
1583 4989 1629 5049 καὶ
1644 4989 1699 5050 ἔστι

96 5097 160 5152 μους
171 5073 237 5134 πολὺ
250 5076 298 5132 οὐκ
311 5072 479 5152 έξήεσαν.-
492 5073 642 5151 Ἐκδήμους
662 5073 810 5154 στρατείας]
821 5065 873 5133 οἷον
917 5071 966 5152 μία
980 5065 1017 5133 ῶν
1032 5071 1164 5151 μέμνηται
1180 5076 1370 5160 θσυγγραφεθς
1382 5080 1409 5136 έν
1427 5081 1460 5158 τῇ
1476 5100 1700 5152 πεντηκονταετη-

95 5162 276 5239 έκθημοῦντες.
288 5196 329 5208 -
340 5163 397 5222 (λύκ
410 5159 823 5243 έξῄεσαν1οθκέξιόκτεςέποέονν.
834 5195 875 5205 -
916 5159 976 5241 ρίδι.
996 5194 1036 5205 -
1056 5159 1135 5221 Μετθ
1149 5163 1202 5221 τῶν
1222 5161 1382 5246 ξυμμάχων]
1404 5167 1456 5224 τῶν
1478 5165 1550 5226 ἰδίων
1570 5165 1696 5243 δηλονότι.
