3676 5828
82 826 87 835 ·
180 797 254 857 ἔπλει
266 794 309 855 διά
322 801 367 854 τοῦ
382 792 510 872 πελάγους
519 799 553 862 ὡς
563 799 597 874 γῇ
607 794 722 860 ἑκούσιος
736 797 765 852 οὐ
773 793 881 874 σχήσων
896 795 962 866 άλλη

186 326 238 376 tlt
772 313 774 317 ’
869 309 1103 372 THUCYDIDIS

219 444 355 505 XXXlll.
378 441 441 502 'Act
461 441 488 500 at
511 445 558 514 τῆς
582 441 695 523 Ἐφέσου
716 446 730 500 t
751 440 870 509 Ἀλκίδας
889 441 963 501 ἔπλει
1036 456 1144 504 xxxin.
1154 454 1191 505 Ab
1200 455 1295 520 spisso
1309 469 1365 506 vem
1376 458 1470 509 Areten
1479 459 1603 511 celeuma
1614 460 1726 512 mutatu
1735 463 1799 514 nave

180 532 251 592 κατδ
267 531 348 611 τάχος
371 530 416 588 καί
430 528 513 610 φυγήν
533 530 659 588 ἐποιεῖτο·
679 528 753 613 ὤφθη
774 528 825 611 γὰρ
846 530 897 588 ὑπὸ
918 535 964 602 τῆς
1005 533 1076 594 gabat
1086 538 1111 584 ct
1121 538 1233 599 unquam
1245 536 1356 599 fugiebat
1364 541 1425 588 Nam
1434 545 1581 604 conspectos
1590 547 1644 593 erat
1652 541 1685 592 ab
1696 543 1798 595 Saland-

180 620 347 698 Σαλαμινίας
359 617 404 687 καί
414 617 542 700 Παράλου
550 617 588 676 ἔτι
595 618 655 698 περί
663 616 769 699 Ἰκαρον
781 622 870 694 ὁρμῶν
883 619 923 696 (αἱ
940 621 963 677 δ’
982 677 986 698 ,
1005 611 1045 659 ὓῑῦ
1055 619 1080 662 θῑ
1092 613 1176 662 P³f⁸¹⁰
1187 614 1290 664 ”ilibus
1299 650 1306 674 ν
1316 629 1392 678 quum
1403 616 1482 666 Adhuc
1492 617 1523 667 ὅθ
1532 619 1632 668 Clarum
1646 626 1729 680 Μ,
1744 621 1797 683 (¹¹³

180 711 226 769 ἀπ’
245 710 357 781 Ἀθηνῶν
377 705 469 785 ἔτυχον
486 706 635 783 πλέουσαι),
651 706 696 764 καί
711 704 799 773 δεδιὼς
816 705 864 777 τήν
879 706 964 775 δίωξιν
1005 693 1086 777 {mmm
1102 695 1153 778 ¹¹¹¹J¹
1170 691 1230 740 “me
1244 693 1274 741 ab
1293 693 1394 743 Athenis
1405 707 1503 744 “mum
1520 696 1664 758 “³me
1681 703 1708 747 εί
1721 698 1798 749 Μ’

1005 773 1153 829 insequentis
1164 768 1294 818 adventum
1307 775 1418 820 metuens
1429 785 1471 834 per
1480 772 1557 822 altum
1570 773 1703 835 terebatur,
1716 781 1746 824 ut
1754 789 1799 825 sua

531 886 558 904 m
664 881 670 904 ,
711 907 726 917 ι
841 884 854 898 „
886 883 893 904 ,
948 860 963 927 ·-
1005 843 1103 905 quidem
1119 851 1204 908 sponte
1215 847 1245 895 ad
1256 843 1345 896 nullam
1355 849 1426 898 aliam
1436 849 1557 911 regionem
1568 850 1616 899 nisi
1633 851 1664 900 ud
1679 851 1797 916 Pelopon·

179 882 415 963 ἢΠῑλσπΟννίσῳ·
459 883 491 959 (²)
513 886 560 963 'li'
581 881 609 940 δὲ
626 886 735 961 Παχη“
751 881 796 940 καί
812 906 866 950 ‘⁰²‘
889 888 945 954 Ᾱθη
1007 933 1091 970 nesum
1105 924 1259 985 appulsurus.
1281 926 1314 988 (2)
1332 925 1426 975 l‘acbeti
1447 940 1505 976 vero
1517 927 1757 993 Atheniensibusque
1772 933 1798 979 et

179 972 261 1040 ναίοις
271 964 334 1044 ἦλθε
350 969 397 1048 μὲν
411 970 457 1028 καί
469 970 521 1028 ἀπὸ
535 975 582 1042 τῆς
600 968 756 1052 Ἐρυθραίας
771 970 890 1048 ἀγγελίαν
902 973 964 1052 did·
1005 1010 1034 1046 ει
1046 1001 1171 1061 Erythraea
1180 1002 1252 1064 hujus
1263 1003 1297 1052 rei
1309 1004 1409 1052 nuntius
1420 1002 1565 1053 atterebatur
1578 1008 1603 1055 et
1618 1005 1650 1053 ab
1659 1005 1716 1055 aliis
1730 1006 1797 1055 undi-

179 1063 265 1121 κνεῖτο
279 1059 307 1119 δὲ
324 1059 371 1118 καί
389 1058 569 1138 πανταχόθεν·
589 1058 738 1137 ἀτειχίστου
753 1058 803 1139 γάρ
821 1057 901 1131 οὔσης
918 1063 964 1131 τῆς
1005 1091 1053 1139 que
1069 1077 1139 1140 locis;
1157 1093 1232 1140 quum
1246 1081 1310 1128 enim
1327 1080 1353 1129 in
1368 1080 1434 1130 lenia
1449 1081 1523 1130 nullae
1535 1081 1684 1132 munitiones
1701 1088 1798 1147 esseut,

181 1147 281 1215 Ἰωνίας
295 1146 363 1225 μέγα
377 1145 407 1204 τὸ
422 1144 477 1213 δέος
489 1144 590 1225 ἐγένετο
604 1144 641 1224 μή
657 1144 853 1227 παραπλέοντες
866 1150 890 1205 οἱ
905 1149 961 1205 Πε-
1006 1160 1086 1203 metus
1101 1156 1183 1216 ingens
1200 1157 1245 1206 luit
1261 1171 1291 1206 ne
1308 1159 1473 1222 Peloponnesii
1485 1159 1633 1208 maritimam
1645 1173 1715 1209 mam
1732 1162 1798 1211 nari·

179 1233 359 1306 λοποννήσιοι,
375 1237 397 1292 εἰ
412 1233 457 1292 καί
471 1232 506 1300 ὣς
520 1231 557 1311 μή
571 1235 716 1292 διενοοῦντο
724 1232 820 1310 μένειν,
832 1238 963 1314 πορθῶσιν
1007 1232 1052 1280 bus
1068 1231 1191 1292 ίθθθθῑθθ,
1207 1234 1319 1295 ‘ltlamis
1330 1238 1354 1283 θῑ
1370 1235 1405 1283 8ῑο
1423 1235 1448 1283 ὶθ
1466 1235 1547 1285 animo
1562 1249 1611 1285 1¹0ss
1631 1236 1751 1288 luberent
1765 1239 1798 1289 ibi

180 1323 237 1401 ἅμα
251 1321 462 1404 προσπίπτοντες
474 1318 521 1387 τάς
533 1319 631 1386 πόλεις·
673 1319 872 1399 Αύτάγγελοιδ
885 1321 963 1380 αὐτὸν
1005 1321 1116 1370 ⁰¹³¹¹⁰¹⁰r
1129 1314 1208 1359 tamen
1225 1311 1248 1359 5¹¹
1267 1311 1320 1374 i1³⁸⁰
1332 1311 1422 1373 impetu
1436 1311 1508 1361 ΨΜ
1524 1312 1663 1376 din'llfli'ffllb
1699 1317 1798 1366 Pffllffl

180 1414 282 1470 ἰδοῦσαι
296 1411 322 1468 ἐν
340 1413 372 1488 τῇ
388 1406 483 1489 Ἰκάρῳ
501 1406 519 1479 ή
532 1431 561 1466 τε
576 1406 702 1489 Πάραλος
715 1407 761 1465 καί
777 1412 794 1479 ἠ
810 1408 962 1485 Σαλαμινία

179 1498 305 1580 ἔφρασαν.
348 1498 378 1573 (a)
393 1495 428 1556 Ὁ
442 1495 469 1554 δὲ
484 1495 534 1554 ὑπὸ
549 1497 664 1566 σπουδῆς
679 1496 790 1553 ἐποιεῖτο
802 1495 850 1567 τήν
864 1495 962 1564 δίωξιν·

179 1587 225 1646 καί
239 1586 318 1666 μέχρι
329 1583 376 1662 μίν
386 1584 500 1663 Πάτμου
515 1587 561 1655 τῆς
574 1583 654 1655 νήσου
665 1581 810 1656 ἓπεδίωξεν,
821 1587 857 1650 ὡς
869 1586 891 1642 δ’
902 1587 964 1643 ούκ-

179 1675 218 1732 έτι
236 1676 263 1732 ἐν
283 1671 431 1752 καταλήψει
452 1670 585 1751 ἐφαίνετο,
605 1667 776 1750 ἐπανεχώρει.
820 1671 918 1752 Κέρδος
935 1674 963 1732 δὲ

179 1759 306 1838 ἐνόμισεν,
321 1758 410 1832 ἐπειδὴ
423 1761 452 1816 οὗ
467 1757 605 1839 μετεώροις
617 1757 779 1838 περιέτυχεν,
792 1757 833 1817 ότι
847 1761 963 1838 οὐδαμοῦ

179 1848 417 1928 ἐγκαταληφθεῖσαι
426 1844 631 1919 ἠναγκάσθησαν
646 1846 822 1925 στρατόπεδον
834 1848 963 1907 ποιεῖσθαι

179 1935 224 1996 καί
239 1934 357 2017 φυλακὴν
374 1933 446 2015 σφίσι
453 1933 499 1991 καί
513 1931 657 2014 ἐφόρμησιν
672 1935 831 2013 παρασχεῖν.

218 2025 351 2084 XXXIV.
374 2019 543 2101 Παραπλέων
557 2019 584 2078 δὲ
600 2019 679 2078 πάλιν
695 2019 756 2099 ἔσχε
771 2020 817 2078 καί
829 2023 855 2088 ἐς
869 2021 962 2082 Νότιον

178 2111 208 2172 ,τὸ
228 2108 411 2191 Κολοφωνίων,
433 2099 463 2167 οὑ
485 2106 639 2188 κατῴκηντο
657 2107 821 2186 Κολοφώνιοι
841 2113 888 2179 τῆς
909 2109 963 2169 ἀνω

177 2200 278 2266 πολεως
292 2196 438 2262 ἑαλωκυίας
451 2195 504 2253 ὑπὸ
519 2193 675 2272 Ἰταμάνους
694 2195 805 2253 καὶτῶν
822 2195 963 2277 βαρόάρων

178 2287 246 2346 κατά
261 2285 354 2345 στάσιν
364 2284 432 2343 ἰδίαν
445 2280 624 2362 ἐπαχθέντων·
636 2281 707 2339 ἑάλω
722 2280 748 2340 δέ
764 2283 879 2359 μάλιστα
894 2282 962 2355 αὕτη

178 2375 249 2446 desei
266 2371 374 2451 δευτέρα
394 2369 613 2441 Πελοποννησίων
628 2368 725 2440 ἐσάολὴ
741 2372 765 2436 ἐς
780 2368 827 2440 τὴν
843 2370 962 2443 Ἀττικήν

178 2462 302 2542 ἐγίγνετο.
346 2463 376 2537 (2)
393 2459 438 2519 Ἐν
457 2450 501 2516 οὑν
517 2461 554 2538 τῷ
569 2456 657 2536 Νοτίῳ
673 2460 697 2515 ol
713 2459 905 2539 καταφυγόντες
917 2460 962 2518 καί

177 2550 381 2621 κατοικήσαντες
395 2544 484 2605 αὐτόθι
496 2536 568 2612 αάθις
582 2544 784 2616 στασιάσαντες,
794 2549 817 2604 οἱ
828 2545 876 2622 μέι·
889 2546 962 2628 παρδι

178 2637 340 2700 Πισσούθνου
355 2632 506 2714 ἐπικούρους
518 2632 649 2711 Ἀρκάδων
657 2656 685 2690 τε
695 2632 739 2691 καί
753 2636 805 2691 τῶν
822 2634 961 2716 βαρύάρων

178 2724 335 2804 ἐπαγόμενοι
348 2725 374 2780 ἐν
384 2720 579 2800 διατειχίσματι
593 2710 673 2799 εἶχον,
687 2719 731 2777 καί
743 2724 794 2777 τῶν
806 2723 836 2778 ἐκ
849 2727 895 2793 τῆς
908 2722 962 2782 άνω

177 2813 276 2880 πόλεως
289 2808 464 2890 Κολοφωνίων
478 2812 502 2867 σί
522 2807 679 2886 μηδίσαντες
692 2806 885 2878 ξυνεσελθόντες
899 2813 960 2870 ἐπο-

176 2901 285 2972 λίτευον,
299 2903 322 2958 οί
341 2899 370 2957 δέ
387 2894 567 2966 ὑπεξελθόντες
583 2893 688 2962 τούτους
703 2895 749 2955 καί
764 2895 835 2963 ὄντες
850 2898 962 2978 φυγάδες

176 2992 220 3050 τὸν
236 2989 353 3069 Πάχητα
366 2985 518 3064 ἐπάγονται.
561 2987 593 3062 (a)
604 2983 638 3045 Ὁ
653 2984 680 3043 δέ
690 2984 921 3066 προκαλεσάμενος
936 2990 961 3055 ἐς

176 3078 270 3157 λόγους
284 3075 394 3137 Ἱππίαν
409 3073 454 3132 τδν
466 3076 493 3132 ἐν
505 3076 543 3154 τῶ
558 3072 752 3152 διατειχίσματι
765 3072 896 3154 Ἀρκάδων
911 3075 961 3158 ἀρ-

176 3190 272 3248 χοντα,
295 3164 364 3224 ὥστε
389 3162 421 3234 ἣν
442 3161 523 3240 μηδὲν
546 3159 655 3240 ἀρέσκον
682 3159 762 3239 λέγῃ,
784 3159 864 3219 πάλιν
884 3163 961 3222 αὐτὸν

176 3253 352 3324 καταστήσειν
371 3254 396 3316 ἐς
413 3249 444 3307 τὸ
462 3250 547 3328 τεῖχος
560 3250 612 3306 σῶν
627 3246 672 3306 καί
684 3251 758 3325 ὑγιᾶ,
773 3252 787 3307 θ
808 3246 856 3325 μὲν
871 3249 961 3321 ἐξῆλθε

177 3343 239 3421 παρ’
254 3340 369 3411 sirint
388 3338 410 3395 δ’
425 3339 520 3396 ἐκεῖνον
538 3335 585 3413 μέν
600 3338 626 3394 ἐν
639 3337 743 3415 φυλακῇ
759 3334 867 3417 ἀδέσμῳ
881 3329 960 3416 εἶχεν,

177 3427 255 3493 αὑτὸς
278 3426 305 3484 δὲ
328 3421 486 3505 προσόαλὼν
509 3427 547 3503 τῷ
568 3421 718 3501 τειχίσματι
738 3421 895 3490 ἐξαπιναίως
916 3425 961 3483 καί

176 3517 205 3572 οὐ
215 3508 432 3593 προσδεχομένων
444 3509 521 3588 αίρεῖ,
532 3507 590 3575 τούς
597 3532 625 3566 τε
635 3509 762 3590 Ἀρκάδας
772 3510 818 3568 καί
829 3514 881 3568 τῶν
895 3516 911 3590 β
932 3535 959 3592 ρ·

149 3605 154 3616 “
177 3600 266 3683 ύάρων
278 3599 334 3658 ὅσοι
348 3601 443 3668 ἐνῆσαν
454 3595 608 3677 διαφθείρει·
617 3595 662 3654 καί
674 3595 717 3654 τὸν
732 3596 839 3655 Ἱππίαν
854 3597 960 3680 ὕστερον

153 3704 158 3708 ”
177 3685 314 3765 ἐσαγαγὼν
327 3684 417 3764 ὥσπερ
432 3681 581 3753 ἐσπείσατο,
598 3681 688 3754 ἐπειδὴ
705 3681 776 3741 ἔνδον
784 3675 825 3755 ἧν,
845 3684 961 3764 ξυλλαμ-

178 3773 252 3832 άάνει
264 3773 309 3832 καί
317 3769 494 3838 κατατοξεύει.
507 3771 537 3845 (a)
554 3768 729 3849 Κολοφωνίοις
748 3769 774 3828 δὲ
795 3769 888 3832 Νότιον
905 3797 960 3830 πα-

178 3861 301 3940 ραδίδωσι
316 3860 385 3930 πλὴν
403 3862 455 3916 τῶν
470 3855 647 3933 μηδισάντων.
689 3857 744 3916 Καί
756 3857 861 3939 ίίστερον
883 3861 958 3934 Ἀθη-

176 3950 244 4008 ναῖοι
255 3946 370 4013 οἰκιστάς
382 3945 532 4025 πέμψαντες
544 3942 613 4001 κατδι
624 3943 683 4010 τοὺς
693 3949 792 4004 ἑαυτῶν
806 3946 900 4024 νόμους
912 3973 961 4006 κα-

176 4035 291 4115 τῴκισαν
303 4035 333 4093 τὸ
340 4034 444 4104 Νότιον,
453 4029 638 4110 ξυναγαγόντες
647 4031 747 4099 πάντας
754 4036 783 4091 ἐκ
790 4037 840 4091 τῶν
848 4035 959 4110 πολεων,

177 4125 200 4182 εἴ
213 4123 263 4183 πού
277 4146 315 4190 τις
329 4114 360 4195 ήν
374 4119 558 4202 Κολοφωνίων.

216 4211 336 4271 XXXV.
363 4208 398 4268 Ὁ
412 4207 438 4266 δέ
454 4206 549 4287 Πάχης
560 4205 716 4288 ἀφικόμενος
731 4208 757 4273 ἐς
772 4205 820 4277 τήν
837 4209 960 4280 Μυτιλή.

1005 1399 1064 1434 vero
1074 1390 1098 1434 et
1111 1387 1238 1436 Salaminia
1247 1402 1334 1448 neves,
1345 1401 1421 1452 quurn
1433 1389 1513 1451 ipsum
1528 1389 1638 1439 Alcidam
1653 1391 1686 1440 ad
1697 1393 1796 1443 clanim

1006 1467 1138 1528 vidissent,
1150 1483 1200 1518 rem
1213 1472 1360 1520 nuntIarunt.
1379 1471 1413 1534 (3)
1426 1471 1469 1521 llle
1483 1485 1541 1521 vero
1550 1485 1607 1522 eum
1616 1487 1707 1536 magno
1716 1476 1798 1527 studio

1005 1551 1207 1613 persequebatur,
1218 1557 1242 1600 et
1251 1565 1329 1614 usque
1339 1552 1370 1600 ad
1382 1552 1484 1601 insulam
1496 1555 1598 1603 Patmou
1612 1567 1669 1604 eum
1682 1561 1723 1606 est
1736 1557 1799 1608 inse·

1006 1633 1091 1691 cutus,
1102 1630 1144 1680 sed
1158 1644 1233 1692 quum
1250 1631 1346 1681 Aloidas
1358 1645 1478 1696 nusquam
1493 1634 1597 1697 amplius
1607 1642 1751 1700 appareret,
1764 1639 1799 1689 ita

1007 1715 1033 1759 ut
1048 1724 1103 1760 eum
1119 1712 1265 1774 prehendere
1279 1719 1374 1776 posset,
1386 1715 1559 1765 revertebatur.
1590 1721 1620 1767 ln
1635 1718 1704 1769 lucro
1715 1725 1798 1771 sutem

1005 1793 1099 1854 posuit,
1113 1798 1240 1856 postquam
1255 1795 1361 1844 bostium
1370 1808 1445 1845 nares
1454 1810 1501 1845 non
1512 1804 1640 1848 assecutos
1650 1806 1691 1850 est
1703 1801 1729 1850 in
1738 1800 1797 1863 sito,

1006 1872 1071 1935 quod
1080 1887 1199 1935 nusquam
1216 1875 1372 1938 deprebensae
1379 1881 1405 1926 et
1415 1881 1504 1926 mactae
1514 1883 1687 1930 essentmstra
1698 1885 1795 1935 munire

1005 1958 1030 2005 et
1040 1955 1084 2005 sibi
1096 1956 1207 2005 excubias
1217 1956 1302 2018 agendi
1311 1956 1484 2022 obsidendique
1495 1961 1665 2011 necessitatem
1676 1963 1796 2026 prebere.

1036 2039 1145 2087 XXXlV.
1163 2041 1227 2087 Dum
1239 2042 1321 2089 summ
1337 2039 1362 2087 lu
1378 2039 1457 2089 reditu
1474 2040 1620 2089 maritimam
1636 2056 1707 2092 oram
1726 2043 1796 2107 tegit,

1005 2117 1035 2165 ad
1048 2116 1145 2166 Notium
1155 2117 1356 2180 colophoniorum
1368 2118 1452 2169 urbem
1464 2118 1571 2182 appulit,
1583 2120 1626 2169 ubi
1635 2122 1798 2175 comederant

1005 2194 1230 2257 colophonii,quod
1238 2195 1294 2245 urbs
1304 2196 1411 2257 superior
1417 2201 1486 2258 capta
1494 2200 1546 2246 erat
1552 2196 1583 2246 ab
1592 2201 1704 2249 immane
1712 2199 1797 2250 etbsr·

1006 2274 1070 2323 baris
1081 2274 1142 2324 iuter
1152 2274 1309 2324 domesticam
1321 2275 1462 2325 seditionem
1473 2277 1572 2338 accitis;
1583 2282 1656 2340 capta
1664 2285 1750 2330 autern
1759 2284 1797 2331 est

1005 2365 1034 2400 eo
1046 2350 1119 2401 terme
1132 2357 1252 2414 tempore,
1265 2365 1313 2414 que
1322 2353 1486 2416 Peloponnesii
1496 2353 1628 2404 secundam
1636 2356 1797 2420 irruptium

1005 2428 1030 2476 in
1038 2429 1139 2477 Atticam
1153 2428 1278 2478 iaciebant.
1312 2431 1345 2490 (2)
1356 2432 1383 2478 lu
1393 2430 1452 2480 urbe
1462 2430 1533 2491 igitur
1543 2432 1625 2493 Notio,
1638 2445 1696 2482 mm
1708 2434 1796 2485 seditio

1005 2520 1089 2557 rursus
1104 2513 1156 2556 orta
1172 2513 1236 2558 esset
1250 2509 1311 2558 inter
1327 2508 1394 2570 illos,
1411 2511 1453 2572 qui
1469 2523 1498 2559 eo
1511 2511 1668 2573 molugerant
1682 2515 1710 2561 et
1725 2512 1796 2564 serbe

1005 2584 1119 2644 fixerunt,
1136 2585 1176 2634 alii
1192 2585 1289 2648 quidem
1308 2599 1321 2634 a
1338 2587 1467 2636 Pissutbne
1482 2587 1611 2637 auxiliares
1626 2589 1711 2652 copias
1727 2596 1795 2641 Ares·

1005 2660 1063 2711 dum
1074 2674 1102 2711 ae
1114 2661 1268 2711 barbarorum
1278 2663 1431 2712 accersebaut
1440 2668 1464 2711 et
1477 2665 1501 2712 in
1514 2665 1692 2716 munitionibus
1705 2667 1791 2718 orbem

1005 2739 1216 2802 intersaepientibus
1229 2739 1362 2799 habebant,
1377 2747 1401 2789 et
1414 2740 1447 2789 illi
1461 2741 1491 2790 de
1509 2742 1665 2805 colophoniis
1682 2757 1714 2793 ex
1731 2743 1790 2795 urbe

1005 2817 1127 2879 superiore
1142 2817 1190 2866 buc
1203 2815 1319 2866 traductis
1335 2818 1377 2879 qui
1388 2817 1466 2867 llledis
1482 2818 1605 2879 laverant,
1618 2820 1694 2869 simul
1710 2822 1793 2872 coiu-

1004 2894 1079 2956 gressi
1094 2895 1158 2942 cives
1176 2898 1257 2954 erant;
1272 2894 1312 2942 alii
1327 2908 1397 2952 vero,
1413 2895 1455 2956 qui
1466 2895 1527 2943 clarn
1540 2895 1593 2945 istis
1608 2896 1755 2960 aufugerant
1767 2902 1792 2949 et

1004 2971 1100 3023 ersrrles
1111 2975 1191 3031 eram,
1208 2971 1336 3020 Paclretem
1346 2977 1479 3020 meersrrnt.
1513 2972 1547 3034 (3)
1565 2976 1698 3038 lsautem,
1716 2989 1791 3040 quum

1005 3049 1130 3111 Hippiam,
1142 3047 1261 3097 Arcadum
1271 3047 1369 3109 ducem,
1379 3049 1454 3111 quiin
1464 3050 1639 3100 munitionibus
1648 3050 1697 3103 illis
1707 3052 1787 3102 urben

1004 3127 1213 3189 intersepientibus
1225 3131 1289 3186 erat,
1302 3127 1333 3175 ad
1351 3127 1497 3190 colloquium
1513 3135 1653 3192 evocasset,
1669 3144 1700 3180 ea
1713 3130 1790 3183 eondi-

1004 3206 1082 3265 tione,
1092 3210 1135 3265 ut,
1147 3205 1167 3254 si
1177 3205 1234 3254 nibil
1245 3205 1361 3266 dixisset,
1374 3205 1438 3267 quod
1448 3206 1495 3254 sibi
1504 3206 1622 3268 placeret,
1635 3221 1692 3258 eum
1703 3210 1728 3258 in
1736 3221 1789 3260 suas

1005 3282 1149 3332 munitiones
1160 3295 1244 3330 rursus
1253 3281 1347 3330 salvum
1355 3287 1380 3331 et
1388 3296 1472 3331 sanum
1482 3284 1635 3344 restitueret,
1644 3284 1685 3335 ille
1694 3286 1787 3349 quiden

1004 3360 1033 3408 ad
1045 3373 1101 3409 eum
1117 3359 1247 3422 processit,
1264 3359 1304 3407 bic
1315 3372 1371 3408 vero
1388 3373 1445 3408 eum
1457 3361 1481 3408 in
1494 3359 1604 3409 custodis
1623 3362 1678 3410 sine
1689 3362 1787 3412 vinculis

1004 3440 1094 3489 servari
1102 3439 1186 3500 jussit,
1198 3443 1223 3488 et
1239 3439 1383 3488 munitiones
1396 3438 1494 3488 adortus
1511 3446 1607 3502 repente
1620 3440 1717 3505 illisque
1728 3441 1784 3492 uildl

1003 3516 1785 3584 taleexspectantibus,capiteas,etArcadasacbarbaros,quol·
1833 3518 1836 3535 ¹

1003 3598 1062 3656 quot
1072 3594 1137 3642 intus
1147 3597 1227 3652 erant,
1237 3593 1335 3641 oceidit.
1362 3597 1393 3641 st
1403 3593 1513 3656 llippiam
1521 3597 1604 3656 postea
1614 3593 1784 3655 introductum.

1004 3671 1073 3720 sicuti
1095 3670 1163 3718 iactis
1186 3669 1288 3718 induciis
1308 3670 1465 3731 promiserat,
1486 3674 1616 3733 postquam
1639 3672 1707 3722 intus
1730 3674 1784 3733 luit,

1003 3746 1197 3810 comprehendit,
1207 3746 1347 3810 sagittisque
1356 3747 1470 3796 contudit.
1497 3748 1531 3809 (l)
1543 3746 1701 3810 colophoniis
1709 3755 1784 3804 arten

1004 3828 1101 3876 Notium
1109 3826 1228 3886 restituit,
1239 3826 1285 3875 illis
1295 3827 1402 3889 exceptis
1409 3863 1416 3886 ,
1424 3827 1465 3889 qui
1473 3825 1599 3876 bladorum
1607 3829 1719 3889 partibus
1728 3830 1785 3880 lave

1003 3911 1064 3956 rant.
1110 3909 1194 3955 Postea
1212 3919 1270 3954 veru
1288 3906 1447 3955 Athenienses
1466 3907 1558 3956 colonis
1577 3919 1607 3956 eo
1629 3909 1714 3959 missu
1737 3920 1785 3959 cut

1002 3985 1124 4034 civitatem
1134 3998 1163 4033 er
1174 3982 1437 4047 legibusinstitutisque
1449 3985 1500 4034 suis
1509 3985 1690 4036 constituerunt
1698 4023 1708 4049 ,
1716 3985 1787 4038 cmlii·

1003 4061 1048 4111 bus
1067 4062 1234 4125 Colophoniis,
1252 4061 1272 4110 si
1289 4061 1343 4124 quis
1361 4074 1464 4125 usquam
1479 4065 1543 4122 erat,
1555 4074 1587 4111 en
1602 4063 1746 4115 civitatibus
1760 4064 1785 4115 il

1002 4153 1076 4188 unum
1087 4139 1182 4188 coactis.

1033 4219 1127 4267 XXXV.
1141 4215 1235 4266 Pacbes
1251 4219 1332 4263 aarum
1348 4215 1478 4277 Mytilenen
1500 4228 1612 4265 reversus
1631 4217 1751 4280 Pyrrham
1766 4219 1792 4269 sl

176 4320 224 4367 νην
243 4296 292 4366 τήν
309 4318 338 4353 τε
353 4293 462 4376 Πύρραν
484 4293 530 4352 καλ
544 4291 675 4375 Ἔρεσσον
695 4294 894 4375 παρεστήσατο,
915 4294 960 4354 καί
1002 4308 1116 4355 Eressum
1129 4304 1152 4352 in
1164 4303 1310 4353 deditionem
1327 4303 1430 4366 redegit,
1440 4307 1586 4366 captumque
1597 4303 1734 4356 ssloetbum
1745 4307 1788 4357 Ln-

177 4383 308 4443 Σάλαιθον
317 4379 407 4439 λαόὼν
416 4383 481 4459 ἐντῇ
490 4379 614 4438 πόλειτδν
627 4380 833 4457 Λακεδαιμόνιον
844 4403 960 4459 κεκρυμ-
1002 4392 1176 4442 cedremonium
1184 4392 1208 4440 in
1216 4392 1274 4440 urbe
1285 4392 1417 4440 latitantem
1425 4390 1531 4440 Atbenas
1540 4391 1624 4450 mittit,
1632 4391 1707 4444 umal
1716 4394 1791 4445 enm

177 4470 253 4549 μένον
268 4467 422 4546 ἀποπέμπει
436 4472 460 4534 ἐς
474 4466 520 4534 τάς
532 4468 656 4539 Ἀθήνας,
672 4467 718 4526 καί
731 4467 788 4536 τοὺς
801 4471 830 4527 ἐκ
843 4473 890 4538 τῆς
904 4472 959 4528 Τε-
1001 4481 1056 4529 illos
1067 4480 1132 4529 cives
1144 4480 1306 4542 mytilenaeos,
1321 4492 1382 4541 quos
1394 4479 1418 4528 in
1431 4477 1554 4527 Tenedum
1569 4479 1733 4531 asservandus
1746 4480 1790 4533 ml·

176 4555 250 4617 νέδου
261 4555 446 4628 Μυτιληναίων
456 4555 550 4638 ἀνδρας
560 4555 617 4613 dun
627 4555 670 4622 οθς
681 4555 817 4627 κατέθετο,
829 4557 874 4613 καί
889 4556 960 4623 εἴτις
979 4600 981 4605 -
1002 4573 1078 4627 serat,
1089 4571 1113 4616 et
1127 4568 1147 4618 si
1158 4569 1212 4631 quis
1223 4568 1286 4616 alius
1298 4567 1343 4629 ipsi
1355 4566 1495 4616 deiectionis
1506 4569 1593 4615 auctor
1603 4566 1680 4618 luisse
1690 4568 1790 4621 videbe·

178 4646 255 4712 ἄλλος
269 4646 340 4724 αὐτῷ
357 4643 439 4712 αίτιος
458 4645 541 4702 ἐδόκει
559 4614 624 4702 είναι
639 4647 685 4714 τῆς
700 4643 881 4710 ἀποστάσεως
923 4645 958 4722 (a)
978 4607 982 4705 ί
1002 4660 1054 4715 θοις
1075 4656 1109 4717 (2)
1120 4656 1234 4717 majorem
1246 4655 1317 4704 etiarn
1327 4654 1446 4704 exercitus
1456 4659 1547 4717 partem
1557 4653 1666 4704 dimittit
1678 4659 1743 4709 cum
1754 4669 1791 4706 re-

177 4733 331 4808 ἀποπέμπει
352 4730 380 4789 δέ
397 4731 443 4789 καί
464 4736 509 4803 τῆς
528 4739 652 4812 στρατιᾶς
670 4730 700 4789 τδ
721 4730 808 4789 πλέον,
850 4734 913 4798 Τοῖς
932 4731 959 4790 δέ
1001 4742 1072 4806 liquis
1086 4743 1206 4805 vcroipse
1217 4755 1358 4805 permanens
1376 4741 1502 4803 Mytilenas
1518 4746 1541 4791 et
1556 4744 1644 4793 cetera
1661 4742 1737 4793 Lesbi
1751 4753 1792 4794 m

176 4820 275 4886 λοιποῖς
293 4817 431 4897 ὑπομένων
445 4818 588 4877 καθίστατο
606 4817 639 4876 τδι
662 4819 721 4898 περί
738 4817 785 4889 τήν
806 4819 959 4890 Μυτιλήνην
1001 4830 1117 4880 arbitratu
1127 4844 1171 4880 suo
1180 4830 1349 4880 constituebat.

177 4905 223 4964 καί
236 4904 284 4977 τὴν
295 4906 377 4976 ἀλλην
390 4905 493 4966 Αέσύον
506 4898 525 4983 ᾗ
537 4907 608 4986 αὐτῷ
620 4904 711 4963 ἐδόκει.
978 4904 983 4956 ί

218 4995 351 5055 XXXVI.
375 4992 550 5074 Ἀφικομένων
560 4992 587 5051 δέ
601 4997 652 5052 τῶν
668 4995 767 5074 ἀνδρῶν
781 4995 883 5050 καὶτοῦ
900 4995 959 5052 Σα-

176 5079 267 5138 λαίθου
279 5084 302 5138 οἱ
314 5081 442 5152 Ἀθηναῖοι
451 5081 495 5140 τὸν
508 5079 555 5159 μὲν
569 5081 698 5141 Σάλαιθον
711 5078 784 5146 εὐθὺς
795 5080 958 5154 ἀπέκτειναν,

1032 5006 1138 5052 lllllll'l.
1157 5007 1236 5060 Quum
1247 5009 1326 5050 aarum
1338 5003 1402 5050 cives
1413 5002 1446 5050 illi
1457 5007 1481 5051 et
1491 5000 1610 5052 Sslaetbus
1620 5001 1730 5053 Attienus
1737 5016 1788 5068 per·

1003 5091 1140 5151 venissent,
1153 5091 1309 5140 Athenienses
1320 5090 1452 5138 Saloetlrum
1464 5089 1562 5175 quideqn
1572 5088 1701 5140 confestim
1716 5090 1786 5140 inter
