3676 5828
154 317 211 369 296
835 300 1072 363 Tuuctutms

154 434 327 515 κεδαιμονίων
345 433 474 514 βασιλεύς.
518 431 573 495 Καὶ
592 435 695 511 πρῶτον
714 431 763 508 μίν
781 434 827 504 τῆς
843 431 933 511 χώρας
977 451 1028 489 rex.
1069 444 1104 489 Ac
1123 439 1201 503 primo
1222 442 1321 506 quidem
1340 445 1390 507 agri
1408 447 1531 509 planitiem
1549 451 1762 515 circumjacentem

154 526 188 586 τὰ
199 523 260 605 περί
268 523 298 582 τδ
309 521 397 581 πεδίον
407 520 536 601 ἐδῄωσαν,
548 519 638 578 ἔπειτα
650 517 789 578 Δεκέλειαν
799 518 932 598 ἐτείχιζον,
976 531 1116 587 emtarum,
1126 528 1212 579 deinde
1221 543 1278 579 νειο
1289 532 1415 581 Deceleam
1427 535 1521 585 munire
1531 544 1669 601 oeperunt,
1683 556 1759 606 opere

154 612 224 674 κατθι
245 612 332 677 πολεις
353 608 494 687 διελόμενοι
512 606 542 667 τδ
560 606 644 687 ἔργον.
688 607 719 682 (ι)
744 604 849 685 Ἀπέχει
869 604 932 677 δίὴ
976 610 1260 675 ἰοῑοτοῖιίιοιαορνιιῖιο.
1293 615 1327 678 (ο)
1337 617 1410 666 Abest
1419 625 1499 669 antem
1508 623 1609 674 Decelea
1617 627 1649 675 ab
1658 630 1762 680 Athenis

154 701 279 762 Δεκέλεια
294 696 413 762 σταδίους
427 695 543 773 μάλιστα
554 699 601 766 τῆς
614 697 666 752 τῶν
682 693 821 764 Ἀθηναίων
832 693 934 759 πόλεως
977 698 1070 747 circiter
1081 703 1178 748 centum
1189 713 1218 748 ac
1234 701 1316 762 viginti
1330 703 1427 767 studiis,
1440 709 1589 759 tantumdem
1605 727 1662 763 vero
1673 717 1761 780 edam,

154 790 236 849 rixam
249 787 295 846 καί
307 783 409 856 ἑκατόν,
420 781 604 863 παραπλήσιον
614 779 641 839 δὲ
655 780 700 839 καί
709 782 738 838 οθ
752 781 842 861 πολλῷ
853 779 932 838 πλέον
977 797 1021 833 nee
1035 783 1112 834 multo
1126 786 1212 848 pluto
1229 789 1328 839 Bmotia.
1361 794 1419 841 ltaee
1435 799 1515 844 autem
1531 800 1631 848 munitio
1653 803 1762 855 amenas
1785 778 1804 803 ’Ἰ

154 877 200 936 καί
220 873 275 934 ἀπὸ
296 878 344 944 τῆς
362 870 497 936 Βοιωτίας.
538 869 602 929 Ἐπί
620 867 648 927 δί
672 871 710 949 τῷ
727 867 809 948 πεδίῳ
826 866 872 925 καί
886 871 933 938 τῆς
979 883 1056 933 usque
1064 873 1192 934 conspicua
1201 879 1283 923 contra
1293 876 1414 938 planitiem
1424 885 1448 928 et
1458 884 1558 944 regionis
1568 893 1646 948 pertea
1655 891 1762 951 optimas

153 964 242 1046 χώρας
254 967 307 1028 τοῖς
321 959 467 1041 κρατίστοις
479 960 504 1025 ἐς
519 957 549 1016 τδ
561 960 715 1037 κακουργεῖν
728 958 889 1037 ᾠκοδομεῖτο
903 955 933 1013 el
978 956 1010 1006 ad
1019 959 1136 1009 maleficia
1147 961 1278 1011 exercenda
1289 966 1466 1017 exstruebatur.
1498 972 1532 1032 (³)
1545 978 1624 1035 atquo
1639 977 1759 1039 Pelopon·

153 1061 251 1132 τεῖχος,
265 1044 386 1129 ἐπιμανὲς
402 1045 481 1126 μέχρι
491 1049 538 1116 τῆς
550 1048 601 1102 τῶν
616 1043 756 1115 Ἀθηναίων
767 1041 876 1109 πολεως.
900 1041 931 1118 (a)
979 1045 1040 1094 nesii
1055 1046 1152 1108 qrridem
1174 1060 1203 1096 ac
1212 1049 1285 1109 socii,
1297 1051 1338 1112 qui
1350 1053 1375 1101 in
1390 1055 1467 1103 Attica
1481 1064 1563 1119 eraut,
1575 1061 1636 1110 hanc
1647 1064 1761 1114 munitio·

154 1139 211 1202 Καί
224 1143 248 1198 oi
260 1138 307 1216 μὲν
319 1139 346 1194 ἐν
358 1139 391 1213 τῇ
403 1135 507 1212 Ἀττικῇ
519 1131 724 1203 Πελοποννήσιοι
735 1130 780 1189 καί
794 1133 818 1187 οί
829 1128 933 1207 ξύμμα-
976 1143 1031 1181 ssent
1040 1134 1209 1195 exstruebam
1219 1137 1260 1198 qui
1270 1151 1327 1186 vero
1336 1139 1361 1187 in
1370 1141 1534 1204 Peloponneso
1542 1152 1622 1208 erant,
1632 1151 1762 1203 mittebant

153 1251 197 1308 χοι
217 1224 351 1305 ἐτείχιζον,
372 1226 397 1282 oi
415 1221 437 1279 δ’
457 1224 484 1280 ἐν
509 1244 542 1299 τη
561 1219 754 1300 Πελοποννήσῳ
772 1216 932 1276 ἀπέστελλον
976 1218 1039 1268 circa
1048 1220 1112 1269 idem
1122 1225 1217 1284 tempus
1227 1223 1331 1274 navibus
1342 1228 1456 1276 onerariis
1465 1231 1544 1290 gravis
1554 1239 1681 1285 armaturae
1698 1238 1761 1287 mili·

153 1316 215 1397 περί
238 1314 282 1373 τδν
306 1310 384 1370 αὐτὸν
404 1308 496 1391 χρόνον
517 1312 574 1374 ταῖς
594 1306 688 1366 ὁλκάσι
703 1306 762 1373 τοὺς
783 1305 890 1371 ὁπλίτας
908 1305 933 1370 ἐς
976 1310 1014 1355 tet
1027 1307 1051 1354 in
1063 1307 1182 1370 Siciliam,
1199 1321 1275 1371 quum
1286 1312 1459 1362 Lacedaemonii
1476 1316 1574 1378 quidem
1590 1323 1761 1382 praestnntis'si·

153 1403 202 1476 τὴν
224 1398 357 1471 Σικελίαν,
382 1395 584 1473 Λακεδαιμόνιοι
607 1393 655 1472 μὲν
678 1397 730 1452 τῶν
755 1416 783 1452 τε
808 1390 932 1452 Εἱλώτων
977 1406 1031 1442 mos
1040 1406 1164 1444 servorum
1175 1409 1204 1446 ac
1212 1396 1352 1448 libertorum
1367 1400 1611 1468 incivitatemnoper
1625 1409 1759 1474 adscripto·

131 1487 334 1566 ἐπιλεξάμενοι
356 1484 415 1551 τούς
440 1483 587 1562 βελτίστους
608 1483 654 1541 καί
677 1485 729 1539 τῶν
751 1480 932 1556 νεοδαμωδῶν,
976 1493 1029 1529 rum
1052 1494 1083 1530 ex
1103 1482 1212 1546 cuisque
1233 1486 1351 1547 promtam
1373 1494 1499 1540 sexcentos
1523 1494 1603 1552 gravis
1628 1503 1759 1549 umatum

154 1575 352 1658 ξυναμροτέρων
372 1576 398 1640 ἐς
419 1570 565 1639 ἑξακοσίους
588 1568 710 1640 ὁπλίτας,
726 1567 771 1626 καί
789 1564 932 1648 Ἔκκριτον
976 1567 1064 1617 milites
1075 1568 1220 1631 delegissent
1233 1576 1257 1621 et
1273 1573 1392 1622 Eccritum
1409 1575 1496 1627 ducem
1511 1582 1666 1645 spartanum,
1681 1588 1760 1635 Boeotl

154 1664 326 1747 Σπαρτιάτην
336 1662 465 1744 άρχοντα,
479 1656 588 1718 Βοιωτοί
599 1657 626 1714 δὲ
637 1654 800 1738 τριακοσίους
811 1652 932 1724 ὁπλίτας,
976 1666 1034 1704 teto
1045 1659 1163 1707 ίοοοοοῑοι
1177 1658 1257 1719 travit
1273 1664 1400 1711 armaturae
1417 1663 1520 1725 milites,
1536 1666 1624 1727 quibus
1639 1677 1760 1731 preerant

153 1747 189 1814 ὧν
201 1746 282 1834 ἦρχον
299 1750 388 1809 Ξένων
405 1771 433 1806 τε
445 1745 490 1805 καί
508 1744 594 1806 Νίκων
608 1743 724 1815 Θηὸαἵοι
735 1742 780 1801 καὶ
795 1740 931 1818 Ἡγήσαν-
976 1743 1044 1791 Xeno
1053 1749 1078 1792 et
1091 1744 1151 1794 Nloo
1163 1746 1268 1795 Thebani
1278 1754 1303 1797 et
1314 1749 1467 1810 liegesauder
1476 1752 1637 1815 Thespiensis.
1670 1758 1758 1819 (t)lstl

154 1845 212 1924 δρος
225 1836 364 1903 Θεοπιεύς.
407 1837 437 1912 (ι)
452 1826 534 1896 Οὗτοι
548 1830 595 1910 μίν
609 1823 653 1890 ούν
667 1833 695 1889 ίν
707 1832 760 1896 τοῖς
772 1833 871 1910 πρῶτον
885 1833 931 1908 ὁρ-
976 1829 1048 1890 igitur
1057 1830 1128 1892 primi
1144 1833 1327 1883 lereaTceuaro
1338 1836 1448 1885 Laconica
1460 1838 1595 1900 prolectiin
1611 1842 1686 1892 altum
1704 1846 1758 1895 vela

154 1930 285 2010 μύσαντες
298 1926 351 1984 ἀπὸ
363 1928 408 1982 τοῦ
419 1920 552 2001 Ταινάρου
569 1924 616 1991 τῆς
629 1922 784 1989 Λακωνικῆς
798 1920 823 1982 ἐς
838 1916 868 1975 τὸ
881 1915 932 1973 πέ.
976 1915 1095 1978 lecerunt,
1106 1923 1161 1980 post
1169 1920 1301 1971 hosautem
1310 1923 1425 1972 coriutlrii
1435 1927 1568 1975 nonmnlto
1575 1933 1630 1990 post
1638 1932 1758 1982 miserunt

153 2019 232 2095 λαγος
253 2017 366 2096 οίρῆκαν·
386 2010 453 2088 μετίι
471 2009 499 2067 δέ
516 2006 621 2073 τούτους
642 2005 774 2087 Κορίνθιοι
791 2006 821 2062 οὐ
841 2004 932 2084 πολλῷ
975 2002 1117 2064 quingentos
1128 2007 1209 2067 gravis
1219 2012 1346 2057 mmaturae
1358 2009 1459 2071 milites,
1472 2012 1532 2061 alios
1546 2014 1645 2075 quidem
1660 2030 1691 2066 ex
1705 2020 1758 2081 ipsa

153 2105 259 2185 ὕστερον
272 2097 457 2164 πεντακοσίους
469 2094 591 2166 ὁπλίτας,
604 2092 663 2160 τοὺς
675 2091 722 2170 μὲν
737 2091 763 2160 ἐξ
777 2093 857 2162 αὐτῆς
874 2091 931 2150 Κο-
975 2095 1103 2155 Corintho,
1114 2095 1174 2146 alios
1183 2102 1298 2159 preterea
1307 2112 1337 2147 ex
1350 2100 1481 2150 Arcadibus
1491 2104 1602 2154 mercede
1611 2106 1757 2170 conductos,

155 2193 255 2276 ρίνθου,
280 2186 339 2254 τοὺς
365 2184 393 2244 δέ
419 2179 683 2265 πρεσμισθωσάμενοι
714 2178 861 2260 Ἀρκάδων,
885 2176 931 2235 καί
975 2185 999 2229 et
1013 2181 1172 2232 Alexarcoom
1187 2185 1351 2246 Corinthium,
1368 2201 1440 2250 quern
1453 2189 1755 2254 ilsducempraelaoeraut.

153 2281 269 2361 ἄρχοντα
283 2272 436 2352 Ἀλέξαρχον
452 2266 586 2350 Κορίνθιον
600 2264 791 2348 προστάξαντες
807 2262 932 2341 άπίπεμ-
976 2267 1094 2317 Miserunt
1112 2281 1169 2318 vero
1185 2271 1290 2333 sicyonii
1307 2287 1403 2336 quoqne
1419 2288 1476 2324 cum
1492 2277 1623 2328 Coduthiis
1639 2279 1755 2333 ducentos

153 2371 215 2449 ψαν.
256 2361 425 2424 Ἀπέστειλαν
437 2354 465 2415 δὲ
480 2354 527 2413 καί
543 2352 681 2413 Σικυώνιοι
695 2350 841 2418 διακοσίους
856 2349 933 2409 ὁπλί-
974 2355 1054 2416 gravis
1060 2362 1188 2407 mmaturae
1195 2359 1294 2420 milites,
1303 2361 1609 2427 quibuspraeeratsargeus
1618 2368 1753 2430 sicyonius.

153 2476 201 2519 τας
210 2451 276 2527 ὁμοῦ
287 2455 340 2513 ςοῑς
355 2441 512 2524 Κορινθίοις,
521 2432 558 2500 iau
568 2432 634 2521 ἦρχε
647 2438 765 2520 Σαργεθς
779 2439 929 2504 Σικυώνιος.
974 2440 1007 2502 (5)
1017 2440 1069 2490 111ae
1076 2445 1157 2492 summ
1165 2442 1272 2506 quinque
1280 2450 1304 2493 et
1315 2445 1398 2506 viginti
1409 2450 1587 2501 corinthiorum
1597 2467 1685 2511 naves,
1698 2470 1756 2518 qnae

153 2542 187 2621 (ι)
202 2541 238 2599 Αἱ
254 2537 282 2595 δὲ
297 2533 374 2592 πέντε
390 2530 436 2589 καί
449 2528 531 2588 είκοοι
544 2533 603 2599 νῆες
615 2531 667 2586 τῶν
686 2526 829 2609 Κορινθίων
844 2529 871 2584 αἱ
884 2531 930 2585 τοῦ
973 2539 1016 2589 per
1031 2527 1135 2578 hiemem
1148 2529 1271 2580 nstruote
1287 2537 1369 2595 mant,
1384 2547 1398 2583 e
1414 2536 1510 2597 regione
1526 2539 1607 2600 viginti
1625 2543 1756 2593 Atticamm

154 2629 283 2708 χειμῶνος
301 2623 480 2700 πληρωθεῖσαι
503 2614 653 2693 ἀνθώρμουν
671 2616 728 2681 ταῖς
748 2617 775 2673 ἐν
795 2617 829 2694 τῇ
854 2612 931 2674 Ναυ-
974 2613 1086 2677 navium,
1103 2629 1159 2677 qnae
1176 2616 1207 2665 ad
1222 2620 1371 2680 Naupactum
1388 2622 1497 2684 stabnit,
1515 2625 1658 2676 iactatione
1675 2635 1756 2692 erant,

151 2714 246 2774 πάκτω
261 2708 357 2768 εἴκοσιν
369 2705 510 2775 Ἀττικαῖς,
522 2701 625 2782 ἐωσπερ
638 2703 726 2767 αὐτοῖς
742 2692 812 2761 οὸοοι
823 2703 846 2759 οἱ
855 2700 931 2759 ὁπλῖ-
973 2699 1049 2751 donec
1057 2701 1098 2751 lati
1106 2701 1186 2764 gravis
1195 2707 1322 2754 armaturae
1333 2707 1422 2757 milites
1431 2710 1534 2760 navibus
1549 2714 1664 2764 onerariis
1672 2728 1701 2766 ex
1711 2718 1755 2767 Pe·

151 2825 197 2862 ται
209 2771 266 2865 τάῖς
283 2792 390 2855 ὁλκάσιν
409 2791 463 2851 dard
475 2795 523 2861 τῆς
537 2787 740 2860 Πελοποννήσου
753 2791 866 2868 ἀπῆραν·
885 2779 932 2846 ol·
973 2785 1104 2850 ίοοοιιοοοο
1114 2788 1212 2851 θιοίοοῑῑ
1227 2795 1322 2851 σοιοῑιῑι
1338 2793 1409 2855 ttius
1425 2796 1499 2845 οιῑιιιο
1516 2798 1552 2847 tei
1567 2812 1641 2850 causa
1652 2805 1677 2850 et
1687 2801 1755 2854 initio

151 2912 203 2970 περ
219 2885 295 2946 ἕνεκα
313 2880 359 2940 καί
376 2880 523 2960 τὸπρῶτον
546 2874 746 2958 ἐπληρώθησαν,
761 2873 832 2942 ὁπως
850 2873 887 2952 μὴ
905 2878 930 2933 0t
972 2874 1186 2937 erantinstrnctae,
1197 2889 1226 2926 ne
1236 2876 1394 2930 Athenienses
1405 2880 1436 2929 ad
1445 2884 1566 2935 onaruiaa
1576 2899 1652 2938 neves
1662 2888 1754 2951 potius,

152 2975 281 3050 Ἀθηναῖοι
291 2969 354 3051 πρὸς
365 2967 412 3034 τὰς
423 2965 535 3032 ὁλκάδας
545 2966 645 3044 μᾶλλον
657 2963 748 3045 ἢπρθς
762 2962 807 3032 τὰς
817 2962 931 3045 τριήρεις
972 2973 1045 3024 qutm
1054 2961 1084 3012 tid
1095 2961 1204 3014 uiretnoe
1211 2964 1319 3015 animum
1328 2965 1487 3019 adverterent.

151 3066 197 3126 τὸν
210 3069 269 3123 νοῦν
282 3059 386 3139 ίχωσιν.
1312 3105 1316 3110 Α

192 3153 256 3212 XX.
277 3148 325 3208 Ἐν
339 3143 367 3204 δί
380 3141 464 3224 τούτῳ
477 3139 523 3200 καί
534 3141 558 3199 οἳ
575 3139 704 3212 Ἀθηναῖοι
716 3137 773 3216 ἅμα
787 3140 835 3209 fit
849 3139 930 3198 Διοισ·
1003 3155 1055 3203 xx.
1071 3155 1162 3206 Interea
1173 3168 1245 3217 vero,
1255 3156 1313 3207 dum
1320 3158 1420 3210 Decelea
1429 3160 1545 3219 mamitnr,
1554 3161 1619 3210 veris
1628 3161 1696 3212 initio
1707 3167 1755 3213 sta·

151 3236 224 3303 λείας
236 3237 274 3315 τῷ
287 3234 415 3311 τειχισμῷ
429 3228 474 3287 καί
487 3231 532 3286 τοῦ
544 3218 606 3307 ἦρος
620 3224 692 3292 εὐθὺς
705 3224 851 3306 ἀρχομένω
869 3224 930 3308 περί
973 3238 1017 3289 tim
1025 3243 1049 3290 el
1056 3241 1214 3292 Adicnienses
1220 3244 1283 3292 eirca
1296 3245 1483 3308 Peloponnesum
1494 3247 1588 3310 triginta
1597 3261 1684 3312 ουνεε,
1693 3249 1755 3301 duca

149 3348 181 3384 τε
195 3319 396 3392 Πελοπόννησον
414 3321 476 3381 ναῦς
493 3313 632 3396 τριάκοντα
647 3313 765 3372 ἔστειλαν
783 3311 829 3370 καί
843 3316 929 3393 Χαρι·
972 3326 1095 3388 chadcle,
1106 3329 1243 3391 Apollodori
1258 3331 1321 3389 illio,
1338 3332 1467 3393 miserunt,
1483 3334 1522 3382 aui
1539 3333 1678 3385 mandatum
1689 3339 1753 3396 erat,

151 3411 217 3471 κλέα
236 3409 280 3468 τὸν
306 3402 500 3484 Ἀπολλοδώρου
521 3400 649 3481 ἄρχοντα,
672 3393 694 3482 ᾧ
722 3400 811 3476 είρητο
836 3401 881 3459 καί
904 3404 929 3469 ἐς
972 3417 1036 3464 utet
1050 3419 1125 3477 Argos
1142 3416 1370 3479 proiectnsexjme
1386 3419 1505 3468 societatis
1521 3422 1622 3482 Argiam
1637 3422 1755 3473 adnaves

150 3497 243 3577 Ἄργος
263 3492 412 3576 ἀφικομένῳ
429 3487 498 3549 κατὰ
519 3488 550 3546 τθ
576 3485 742 3567 ξυμμαχικδν
765 3490 928 3567 παρακαλεῖν
971 3500 1087 3551 militibus
1101 3502 1199 3552 armatis
1218 3504 1347 3566 explendas
1358 3504 1495 3566 advocaret,
1527 3506 1560 3569 (t)
1577 3510 1754 3560 etDemosttte·

150 3583 273 3666 Ἀργείων
286 3604 316 3639 τε
326 3578 434 3644 ὁπλίτας
447 3575 491 3637 ἐπί
504 3573 551 3641 τὰς
562 3580 637 3647 ναῦς,
678 3575 709 3650 (ι)
721 3573 766 3632 καί
778 3573 822 3632 τὸν
838 3578 927 3652 Δημο-
971 3601 1041 3650 nem,
1051 3590 1254 3651 quemadmodum
1261 3595 1406 3653 statuerant,
1417 3592 1441 3641 in
1451 3593 1554 3642 Siciliam
1561 3595 1687 3657 mittebant
1696 3610 1754 3647 omn

151 3670 242 3742 σθίνην
261 3672 286 3736 ἐς
303 3665 352 3738 τὴν
375 3662 507 3734 Σικελίαν,
523 3660 611 3740 ὥσπερ
629 3659 748 3737 ἔμελλον,
769 3659 927 3720 ἀπέστελλον
971 3676 1094 3738 mxaginta
1104 3678 1205 3728 mribus
1215 3678 1395 3730 Atheniensium
1407 3683 1431 3730 et
1441 3680 1547 3744 quinum
1556 3682 1686 3745 chiorum,
1697 3697 1754 3747 qum

151 3757 276 3829 ἐξίκοντο
291 3753 338 3832 μίν
351 3749 442 3811 ναυσίν
456 3745 596 3819 Ἀθηναίων
605 3746 651 3805 καί
664 3746 741 3804 πέντε
750 3745 841 3820 Χίαις,
853 3747 929 3807 ὁπλί-
970 3762 1035 3812 mille
1044 3766 1070 3812 et
1078 3762 1193 3813 ducentos
1207 3765 1315 3827 proprios
1329 3766 1509 3816 Atheniensium
1520 3768 1609 3818 milites
1624 3770 1705 3830 gaoris
1715 3783 1752 3819 ar-

150 3868 210 3912 ταις
220 3843 248 3902 δί
262 3845 292 3901 ἐκ
303 3837 451 3918 καταλόγου
462 3832 603 3906 Ἀθηναίων
618 3832 757 3900 διακοσίοις
768 3834 813 3892 eat
822 3833 928 3912 χιλίοις,
970 3853 1071 3900 mature
1083 3849 1189 3901 [σιτίοισι
1193 3886 1201 3911 ,
1212 3855 1237 3901 et
1254 3865 1284 3901 ex
1295 3852 1426 3902 insularum
1442 3854 1526 3903 incolis
1543 3867 1616 3918 ουτω
1627 3859 1753 3919 potuerant

150 3931 198 3992 καί
214 3930 349 4002 νησιωτῶν
369 3924 439 3991 ὅσοις
452 3918 626 4000 ἑκασταχόθεν
645 3912 697 3978 tiit
711 3920 735 3978 τ’
747 3912 779 3993 ἦν
797 3919 928 3988 πλοίστοις
972 3936 1078 4000 undique
1086 3938 1202 4001 plurimos
1210 3939 1363 4000 conuehere,
1373 3945 1398 3990 et
1406 3954 1436 3989 ex
1444 3941 1497 3990 aliis
1505 3954 1556 3990 snae
1564 3941 1661 3992 ditionis
1669 3943 1752 4004 sociis,

150 4018 309 4100 χρήσασθαι,
321 4012 366 4073 καὶ
378 4015 468 4072 ἐκτῶν
480 4008 565 4068 ἄλλων
578 4005 723 4087 ξυμμάχων
732 4012 784 4067 τῶν
795 4007 927 4083 ὑπηκόων,
971 4024 1070 4075 sicunde
1080 4025 1213 4089 aliqriidad
1227 4038 1279 4075 rem
1294 4027 1420 4076 militarem
1438 4027 1550 4077 idoneum
1563 4041 1701 4091 comparare
1711 4045 1753 4094 po·

151 4105 177 4166 τί
192 4103 269 4166 ποθέν
283 4127 308 4162 τι
320 4093 391 4181 είχον
406 4096 549 4168 ἐπιτήδειον
563 4097 589 4163 ἔς
603 4094 648 4153 σοι
663 4094 786 4172 edepol,
803 4095 928 4177 ίομπορί·
970 4115 1073 4163 tuerent.
1105 4112 1605 4178 ipsiantempraeceptumerat,ntprimum
1612 4116 1753 4178 copiiscom

151 4214 251 4258 σαντες.
292 4187 390 4270 Είρητο
402 4187 424 4244 δ’
436 4185 618 4265 αύτῷπρῶτον
629 4179 697 4258 μετὰ
707 4188 754 4242 τοῦ
767 4182 928 4265 Χαρικλέους
972 4199 1203 4250 chariclisexercitu
1211 4198 1422 4261 conjunctissimul
1430 4214 1497 4250 oram
1504 4203 1643 4252 Laconicam
1651 4204 1752 4252 circum·

151 4278 209 4355 ἅμα
219 4273 391 4357 περιπλέοντα
404 4268 690 4352 Ευστρατεύεσθαιπερί
704 4267 750 4340 τὴν
760 4269 926 4342 Λακωνικήν.
971 4287 1192 4337 rectusmlestaret.
1227 4288 1260 4349 (³)
1271 4291 1302 4337 Et
1310 4289 1483 4338 Demosthenes
1492 4289 1589 4352 quidem
1594 4290 1752 4352 ,inAEginam

150 4368 185 4444 (a)
197 4365 253 4426 Καί
266 4367 280 4422 ὁ
294 4362 341 4440 μίν
351 4357 518 4438 Δημοσθένης
531 4360 556 4424 ἐς
568 4355 616 4428 τὴν
632 4355 740 4434 Αἴγιναν
755 4356 870 4425 πλεύσας
881 4364 926 4418 τοῦ
969 4374 1104 4437 proiectus,
1114 4374 1148 4423 ibi
1158 4386 1256 4424 sumum
1268 4376 1390 4438 copiarum
1400 4376 1525 4438 reliquias,
1537 4376 1558 4425 si
1569 4390 1624 4438 ηοω
1632 4382 1715 4440 eram,
1727 4384 1751 4428 et

150 4449 346 4533 στρατεύματύς
363 4472 392 4507 τε
405 4447 429 4506 εἴ
444 4471 470 4505 τι
488 4444 641 4504 ὗπιδιίσισο
654 4442 803 4526 περιέμενε,
820 4446 865 4504 καί
882 4446 926 4506 τὸν
970 4461 1116 4523 cumdem,
1127 4461 1204 4511 donoc
1212 4461 1313 4524 Argivos
1321 4464 1506 4526 assumpsisset,
1517 4463 1693 4526 opperiebatur.

149 4537 287 4618 Χαρικλέα
298 4536 358 4603 τούς
371 4533 501 4615 Ἀργείους
511 4530 684 4613 παραλαύεῒν.

189 4628 266 4687 XXI.
287 4623 336 4684 Ἐν
349 4620 378 4682 δί
394 4626 428 4700 τῇ
446 4618 558 4697 Σικελίᾳ
572 4617 621 4677 tel
634 4616 695 4684 τούς
712 4617 805 4686 αὐτούς
819 4618 926 4700 χρόνους
999 4629 1064 4676 lixi.
1080 4625 1200 4676 luSicilia
1215 4640 1273 4677 vero
1284 4626 1331 4677 sub
1341 4627 1425 4679 eaden
1442 4628 1515 4689 huius
1530 4628 1593 4678 reris
1608 4632 1753 4692 temporaet

150 4711 243 4772 τούτου
256 4714 302 4768 τοῦ
315 4700 377 4790 ἦρος
390 4705 435 4766 καί
446 4710 460 4764 ὁ
470 4704 602 4770 Γύλιππος
615 4696 678 4774 ἧκεν
692 4705 718 4771 ἐς
730 4704 777 4771 τίς
791 4704 926 4785 Συρακού-
969 4713 1222 4776 Gylippussyracosas
1229 4713 1331 4764 redierat
1339 4714 1460 4765 adducens
1468 4730 1498 4765 ex
1506 4715 1752 4779 civitatibus,quibus

76 4802 78 4807 ’
150 4820 211 4871 σας,
226 4796 297 4876 ἄγων
315 4794 367 4854 ἀπὸ
380 4796 433 4852 τῶν
450 4790 552 4850 πόλεων
566 4782 602 4848 ιίνν
618 4789 706 4850 ἔπεισε
720 4790 844 4871 στρατιάν
862 4790 925 4864 ὁσην
970 4805 1132 4864 persuaserat,
1142 4801 1400 4864 exercitumquantum
1410 4803 1542 4851 maxinmm
1554 4801 1659 4864 aridique
1667 4806 1751 4864 potue·

151 4881 326 4961 ίκασταχὸθεν
344 4879 469 4951 πλείστην
486 4878 602 4938 ἐδύνατο.
644 4879 674 4956 (ι)
694 4878 749 4938 Καί
769 4877 926 4958 ξυγκαλέσας
969 4890 1014 4936 rat.
1048 4885 1081 4948 (a)
1094 4890 1124 4937 El
1140 4888 1275 4937 convocatis
1291 4889 1447 4950 syracusanis
1462 4888 1535 4950 dixit,
1552 4889 1752 4952 quamplurimas

151 4968 210 5036 τούς
223 4965 397 5048 Συρακοσίους
410 4964 459 5046 ἔφη
473 4969 569 5045 χρῆναι
579 4964 696 5044 πληροῦν
710 4970 771 5033 ναῦς
784 4969 819 5033 ὡς
832 4964 926 5023 δύναν-
969 4977 1067 5036 possent
1085 4986 1159 5024 naves
1177 4973 1304 5023 armandas
1317 4986 1384 5035 ease,
1402 4988 1534 5039 pugnaeque
1551 4975 1643 5025 narnus
1658 4976 1752 5038 pericu·

151 5079 196 5118 ται
218 5055 342 5122 πλείστας
364 5052 409 5113 καί
429 5051 578 5134 ναυμαχίας
599 5050 743 5133 ἀπόπειραν
768 5051 925 5129 λαμύάνειν·
970 5060 1286 5122 lomtaciendum3seenim
1298 5074 1409 5125 sperare,
1421 5063 1751 5126 silioctemplareut,iotroe
