3676 5828
754 332 1033 409 scfl0L1A.V111,
1057 343 1160 434 ι-ίῖ.
1695 341 1748 392 m

117 468 119 474 ’
150 465 239 534 νύκτες
255 462 457 544 ἐπιγιγνόμεναι]
468 462 530 532 ,άντί
544 467 602 536 τοῦ,
617 467 644 522 αἱ
657 463 744 532 νύκτες
757 462 803 523 καί
817 467 844 522 αἱ
859 463 928 542 ἤμέ-
947 492 953 530 ι
973 462 1065 532 ξασθαι
1090 465 1179 534 αὐτὸς,
1209 467 1314 543 βασιλεῖ
1333 463 1488 544 ὠρείλησεν,
1513 462 1592 539 ἤγουν
1620 462 1753 543 ὀρειλέτης

152 578 210 637 ραι,
222 553 361 631 ἀνώμαλον
372 550 542 631 ἐργαζόμεναι
555 550 585 610 τὸ
596 551 727 631 περιέχον,
741 551 824 610 νόσων
834 557 930 631 κατῆρ-
974 549 1084 626 ἐγένετο.
1100 587 1140 595 -
1156 550 1314 630 Ἀρεστῶτα]
1327 557 1372 608 τοῦ
1387 548 1523 628 βασιλέως.
1536 585 1575 593 -
1591 552 1672 627 Κοινῇ
1683 549 1751 608 κατὰ

149 663 208 720 χον.
222 675 263 685 -
275 660 297 699 2.
312 638 406 700 Πάντα
419 661 448 697 τε
459 636 612 716 ποιούντων]
623 637 666 697 διδ
678 639 708 697 τδ
722 639 852 720 δύςρημον
864 641 929 696 άπε-
972 636 1003 695 τὸ
1015 637 1090 715 αὐτό]
1105 638 1184 714 ἤγουν
1197 643 1445 715 ὁμογνωμονοῦντες.

152 726 285 800 σιώπησιν
298 724 365 785 αὐτά
379 724 503 802 ὀνομαστὶ
515 727 610 783 εἰπεῖν·
626 725 746 804 βούλεται
760 725 787 783 δὲ
801 725 885 803 λέγειν
896 723 929 784 τδ
1013 727 1062 785 Vl.
1085 725 1207 804 Φυγάδες
1217 730 1263 795 τῆς
1273 727 1389 803 ἑαυτῶν]
1399 725 1531 804 πατρίδος.
1542 760 1581 770 -
1592 725 1646 784 Καί
1656 724 1751 804 αὐτός]

123 821 138 861 ⁸
152 813 366 894 δποχωρῆματα,
380 813 448 893 άπερ
463 814 487 869 οἱ
498 813 580 892 ἰατροὶ
595 813 715 872 σκύύαλα
729 812 774 871 καὶ
792 810 930 882 ἀποπατῆ-
973 812 1053 889 ἤγουν
1065 816 1079 870 ό
1090 810 1273 892 Φαρνάὸαζος.
1285 842 1316 855 -
1327 832 1348 872 ε.
1362 812 1474 893 Ἔνδίῳ]
1485 817 1502 883 ἤ
1513 813 1598 870 εὐθεῖα
1608 816 1622 870 δ
1634 808 1750 878 Ἔνδιος.
1767 832 1780 871 ο

152 925 225 977 ματα
240 899 346 960 εἰώθασι
359 901 459 961 καλεῖν.
473 934 513 943 -
523 918 544 958 α.
559 899 668 981 Ἀθρόοι]
683 898 783 979 συχνοί.
797 934 838 943 -
851 896 929 959 Ἀπέ-
973 933 1012 943 -
1035 898 1080 966 Ἐς
1097 895 1132 957 τθ
1155 898 1288 977 μάλιστα]
1308 899 1532 980 θπερόαλλύντως.
1547 935 1587 945 -
1604 898 1686 960 Ὅθεν
1707 899 1753 957 καί

151 991 237 1068 δοντο]
257 987 406 1061 ἐπώλησαν.
428 1021 469 1032 -
489 1006 511 1045 ο.
535 985 590 1046 Καί
611 987 684 1046 οὐδὲν
704 987 790 1065 ὀλίγον
810 988 835 1053 ἐς
857 983 930 1046 οὐδὲν
973 983 1087 1064 τοῦνομα
1121 989 1216 1046 Λακων
1244 985 1319 1065 δν...]
1343 986 1508 1058 Ἀλκιδιάδης
1542 986 1695 1046 Λακωνικδν
1722 978 1754 1058 ἤν

150 1073 390 1145 κακοπαθήσαντες]
402 1077 429 1134 ἐν
438 1072 518 1131 παντί
529 1072 666 1152 πράγματι
678 1072 798 1152 μεγάλως
811 1095 930 1132 κακοπα-
973 1071 1070 1150 ὄνομα,
1084 1071 1123 1151 [δε
1135 1064 1168 1144 ἤν
1179 1072 1268 1153 πατὴρ
1282 1079 1327 1131 τοῦ
1343 1073 1469 1153 Ἐνδίου]
1485 1072 1606 1141 Κλεινίας
1616 1072 1644 1133 δέ
1657 1078 1671 1132 ὁ
1684 1073 1756 1144 Ἀθη·

150 1161 305 1233 θῆσαντες.“
973 1161 1057 1231 ναῖος,
1074 1163 1113 1241 τῷ
1133 1159 1286 1239 Ἀλκιὸιάδῃ
1306 1160 1374 1229 ξένος
1396 1159 1544 1239 γενόμενος,
1565 1161 1595 1220 τδ
1610 1160 1694 1238 ὄνομα
1715 1164 1754 1241 τῷ

974 1246 1048 1306 παιδί
1062 1245 1142 1308 ἔθετο.
1159 1286 1195 1297 -
1211 1247 1268 1318 Τῆν
1281 1246 1377 1326 ξενίαν]
1394 1247 1492 1328 φιλίαν.
1510 1283 1545 1291 -
1559 1267 1580 1306 ι.
1596 1247 1710 1328 Φρύνιν]
1725 1247 1755 1306 τδ
1771 1266 1795 1303 ιο

112 1325 139 1366 1⁰
259 1317 264 1327 ’
475 1322 623 1372 ’Λδέσποτοη
1176 1333 1184 1357 ‘
1309 1332 1317 1354 '

243 1396 272 1443 M
282 1394 335 1457 πρὶν
346 1391 453 1455 W&
462 1397 564 1456 W<
574 1391 708 1456 mmm,
975 1334 1109 1410 ἀρσενικόν
1124 1337 1241 1416 Φρυνις,
1257 1336 1395 1415 Φρυνιδος.

243 1460 693 1547 τὰσνναῆτοίιαινκαὶναννοξτίαι,
1035 1480 1509 1545 ορεπιιεπαωιοιοριηιεαμπ,

243 1533 268 1580 ⁸¹
279 1537 325 1580 τῶν
335 1531 441 1594 Μέλων
452 1531 593 1595 πθαῖθθῖω]
607 1531 746 1594 mmm,
1036 1552 1121 1615 πόρνην
1130 1550 1362 1611 τελοῦσαν,ἤςπολὺ
1373 1550 1445 1600 πάλαι
1455 1553 1528 1606 κλέος.

243 1600 280 1661 ὑφ’
290 1601 323 1650 ὧν
332 1601 489 1664 ἐνηνόχθησαν
498 1603 531 1656 είς
541 1602 598 1664 ὕψος
609 1599 705 1663 θράσους

243 1673 412 1734 Πῑθθΰψῖῶθ
419 1671 527 1728 Ἕλλην’(
538 1673 560 1718 ⁰¹
569 1669 641 1718 πέλα*
652 1670 732 1731 Tm,
973 1715 1014 1726 —
1028 1679 1177 1760 Περίοικον]
1188 1679 1315 1759 περίοικοί
1328 1681 1392 1738 εἰσιν
1407 1683 1430 1738 οί
1445 1679 1571 1752 ὑπῆκοοι,
1585 1680 1697 1759 γείτονες
1710 1686 1756 1753 τ’ἤς

245 1739 712 1874 ffimffig‘ffifflffiff
976 1766 1111 1846 Σπάρτης.
1125 1802 1166 1811 -
1179 1769 1272 1833 Λύτοῐς
1284 1765 1360 1846 εἰσίν]
1375 1775 1428 1832 τοῖς
1440 1766 1523 1833 Χίοις.
1536 1803 1576 1812 -
1586 1769 1681 1836 Λύτοῖς
1692 1768 1757 1846 ιιέμ·
1773 1783 1796 1823 ¹⁵

244 1885 285 1939 fl<
294 1880 401 1943 ,μηκγαρ
411 1881 444 1936 21<
456 1881 545 1943 μακρὰ,
556 1879 664 1943 μυχίη
974 1853 1049 1932 πειν]
1065 1856 1117 1920 τοῖς
1127 1851 1210 1920 Χίοις.
1223 1887 1264 1898 —-
1277 1853 1363 1931 Ἐκεῖ]
1379 1852 1457 1930 ἤγουν
1470 1857 1497 1911 ἐν
1514 1859 1547 1935 τῇ
1562 1855 1630 1935 Χίῳ.
1646 1890 1687 1901 -
1701 1855 1756 1935 Ἆρ’

974 1932 1022 2020 ῶν]
1038 1940 1138 1999 πολεων
1150 1939 1168 2011 ἤ
1183 1940 1332 2020 συμμάχων
1348 1939 1476 2011 δηλονότι.
1491 1981 1523 1993 -
1534 1963 1555 2000 ο.
1570 1942 1691 2021 Τούτων]
1704 1948 1756 2001 τῶν

507 2065 582 2075 ·--
974 2027 1179 2108 τεσσαράκοντα.

509 2145 512 2153 ·
1015 2117 1076 2174 Vll.
1097 2115 1303 2193 Ἐπειγομένων]
1318 2115 1376 2174 ἀντί
1391 2121 1436 2174 τοῦ
1459 2116 1623 2195 ἐπειγόντων.
1650 2152 1688 2162 -—
1710 2118 1756 2184 Ἐς

382 2188 422 2248 IN
443 2189 592 2250 LIBRUM
613 2190 693 2248 Vlll.
976 2201 1053 2280 Χίου]
1771 2230 1796 2267 2⁰

1036 2342 1082 2391 Τδν
1094 2344 1150 2391 Χῖον
1161 2341 1190 2390 ἂν
1200 2341 1310 2405 γράψειας
1320 2342 1387 2405 δςπερ
1397 2342 1423 2390 ἐκ
1432 2341 1504 2400 Χίου,

112 2385 140 2426 ευ
193 2375 216 2434 l.
235 2370 291 2433 Καί
310 2368 402 2430 ὁπόσοι
415 2367 474 2428 τότε
494 2366 587 2436 αύτοδς
605 2367 752 2437 θειάσαντες
762 2372 930 2444 ἐπῆλπισαν]
1036 2412 1371 2475 σοφῶςπῳγπῶχμηδαμῶς
1380 2412 1472 2468 ἄπαγέ
1483 2428 1531 2474 pm.

154 2460 213 2521 ἀντί
227 2465 273 2520 τοῦ
286 2457 481 2540 θεορορηθέντες
495 2459 522 2516 ἐν
537 2457 622 2516 ἐλπίδι
636 2456 772 2531 ἐποίησαν,
782 2458 861 2537 ἤγουν
875 2459 932 2518 θεῖά

151 2571 211 2606 τινα
222 2545 443 2628 ἐπερθεγξάμενοι,
451 2547 488 2612 είς
497 2543 604 2611 ἐλπίδας
615 2543 747 2606 ἐνέύαλον.
759 2567 829 2606 -α.
837 2546 932 2606 Πάντα
1015 2542 1090 2600 Vlll.
1112 2537 1195 2621 Ὑπὲρ
1211 2545 1256 2598 τοῦ
1274 2539 1463 2621 Φαρναὸάζου]
1479 2540 1537 2600 ἀντὶ
1551 2546 1610 2614 τοῦ,
1624 2543 1754 2624 πρεσόευ·

152 2635 181 2695 δέ
202 2633 382 2713 πανταχόθεν]
403 2632 473 2691 δεινὰ
493 2631 621 2703 δηλονότι.
645 2667 686 2677 -
707 2632 755 2693 Ἐν
776 2638 815 2715 τῷ
834 2640 931 2716 κοινῷ]
976 2626 1020 2686 ταί
1030 2632 1076 2685 τοῦ
1092 2629 1180 2706 Φαρν.
1194 2662 1235 2672 -
1246 2629 1305 2688 Οὔκ
1318 2629 1440 2705 enom...]
1455 2629 1484 2686 οὗ
1497 2627 1623 2708 μετίσχον
1638 2634 1683 2688 τοῦ
1695 2631 1757 2688 στύ-

151 2721 263 2803 ταμιείῳ
274 2721 400 2793 δηλονότι.
414 2755 454 2766 -
465 2721 556 2802 Σρῶν]
571 2724 623 2778 τῶν
637 2719 787 2792 Ἀθηναίων.
800 2756 840 2766 -
849 2743 870 2783 ε.
887 2722 933 2790 Ὦς
976 2717 1032 2775 λον.
1047 2740 1078 2750 -
1090 2714 1136 2780 Ἐς
1146 2717 1194 2785 τῆν
1207 2713 1365 2787 ἐποστολῆν]
1380 2715 1550 2776 ἀπόπλευσιν.
1566 2750 1606 2760 -
1620 2716 1679 2797 Ἐφ’
1693 2721 1756 2776 έαυ-
1771 2740 1797 2779 25

112 2831 139 2871 κ
152 2814 183 2871 ἐκ
201 2815 254 2870 τῶν
269 2808 450 2890 ὑπαρχόντων]
464 2811 516 2866 τῶν
535 2808 660 2868 δυνατῶν.
682 2843 722 2853 -
740 2812 801 2868 Τῶν
820 2833 849 2868 τε
864 2810 933 2869 κατά
976 2802 1040 2879 τῶν]
1053 2799 1132 2879 ἤγουν
1144 2801 1201 2859 καθ’
1215 2800 1329 2868 ίαυτῦῦς·
1344 2836 1385 2845 -
1397 2820 1419 2860 ²·
1434 2800 1619 2880 Ξυνῑδθύντῑς]

150 2896 200 2970 τῆν
222 2898 298 2957 πόλιν
314 2920 340 2955 τι
361 2899 386 2963 ἐς
406 2894 535 2953 εὐτέλειαν
557 2894 727 2976 σωφρονίσαι]
745 2894 804 2961 τοὺς
826 2896 933 2964 πολίτας
1235 2959 1241 2974 1

152 2984 329 3063 mmm„
343 2991 433 3042 mm
448 2987 529 3061 βιοῦν.
544 3016 585 3026 ..
606 2981 652 3048 Ὡς
670 2981 714 3060 ἄν]
727 2983 807 3060 ἤγουν
827 2983 875 3052 ρως
890 2984 932 3044 ἄν·
1038 2957 1494 3022 Σολοιιιοειδδς,ουσόλοιιιοντυγχάνει,

152 3106 193 3117 ..
203 3091 227 3132 ι.
243 3070 314 3151 Πρδς
323 3069 354 3129 εδ
364 3074 530 3150 παραχρῆμα
546 3068 670 3150 περιδεές]
686 3068 730 3127 διδ
743 3071 773 3128 τὸ
787 3071 814 3128 ἐν
824 3075 862 3152 τῷ
876 3095 932 3129 πα·
1038 3030 1088 3077 ἀντὶ
1098 3029 1248 3085 ξυνελθόντων
1257 3030 1281 3078 ἃ
1290 3034 1368 3078 κεῖται
1378 3028 1517 3092 mmm

153 3159 264 3239 ραυτίκα
278 3158 402 3238 περιδεεῖς
414 3149 488 3215 εἶναι.
593 3184 597 3193 ·
899 3155 902 3164 ’
977 3193 1015 3204 -
1029 3158 1191 3235 Ἀλκαμένην
1206 3157 1333 3239 ἄρχοντα]
1347 3157 1464 3238 ἔχοντας.
1481 3191 1521 3203 -
1534 3178 1556 3217 ³.
1579 3157 1635 3226 Τδς
1649 3157 1756 3241 ύστερον

112 3262 140 3303 ⁸0
193 3249 231 3308 ll.
252 3243 423 3325 Μηδετέρων]
441 3245 520 3321 ἤγουν
539 3243 681 3316 Ἀθηναίων
697 3241 743 3302 καί
762 3246 933 3316 Πελοποννη-
977 3244 1175 3326 διαφερομένας]
1200 3245 1265 3323 μετδ
1293 3249 1368 3303 τοῦτο
1393 3243 1648 3325 παρακομιζομένας.
1678 3284 1710 3296 -
1735 3267 1757 3307 ι.
1776 3270 1801 3308 ω

152 3333 226 3394 σίων.
242 3367 283 3378 -
296 3353 320 3393 2.
336 3333 441 3410 Αὐτῶν]
453 3332 533 3408 ἤγουν
551 3335 602 3389 τῶν
617 3329 769 3403 Ἀθηναίων.
783 3366 823 3376 -
836 3331 888 3391 Διδ
903 3333 933 3391 τδ
977 3331 1081 3411 Ταύτῃ]
1095 3337 1127 3412 τῇ
1140 3333 1259 3410 θαλάσση
1272 3331 1441 3404 δηλονότι.-
1455 3330 1542 3409 Πολύ]
1554 3330 1622 3394 λίαν.
1635 3355 1695 3394 -ο,
1707 3337 1761 3395 Καὶ

151 3424 278 3502 ὀργῶντας
289 3418 384 3500 κρίνειν
398 3418 431 3477 τὰ
445 3417 601 3499 πράγματα]
612 3418 671 3490 ἤτοι
686 3417 753 3496 μετά
767 3418 855 3490 πάσης
866 3443 931 3500 προ-
977 3419 1128 3497 διεκόμισαν
1140 3420 1225 3499 εὐθύς]
1240 3418 1383 3500 περιτεδςὸ
1395 3418 1440 3478 καί
1451 3418 1600 3497 σύνδεσμος.

151 3507 263 3586 θυμίας,
284 3505 316 3580 ἤ,
335 3505 371 3574 ώς
389 3529 471 3583 τινες,
490 3503 534 3563 διδ
557 3504 588 3564 εδ
606 3503 699 3572 αὐτοὺς
717 3505 863 3583 ὀργίζεσθαι
880 3509 934 3574 τοῖς
1017 3508 1067 3567 lx.
1088 3506 1192 3585 Λύτῶν]
1212 3509 1264 3564 τῶν
1281 3505 1506 3582 Λακεδαιμονίων.
1527 3544 1558 3553 -
1573 3507 1701 3586 Ἕτοιμος
1716 3502 1760 3589 ἤν]

152 3594 304 3668 Ἀθηναίοις.
317 3628 358 3639 -
373 3593 427 3654 Ιίαί
439 3592 500 3670 μηδ’
515 3592 664 3651 ὑπολείπειν
683 3591 759 3670 λόγον
771 3595 867 3666 αὐτοῖς]
881 3618 935 3671 μη·
978 3592 1134 3670 συγγνώμην
1147 3585 1225 3671 εἶχεν.
1239 3628 1270 3641 -
1283 3613 1305 3651 ε.
1318 3591 1358 3653 Τδ
1372 3592 1464 3651 πιστδν
1479 3599 1540 3663 ναῦς
1553 3595 1625 3676 σφίσι
1640 3595 1761 3674 ξυμπέμ-

112 3693 139 3734 ὓ
152 3683 206 3744 δινί
221 3681 366 3763 ἐπιτρέπειν
379 3679 463 3757 λέγειν
482 3680 543 3759 περί
560 3682 654 3738 αὐτῶν.
668 3678 700 3752 ἤ,
718 3683 753 3746 ῶς
766 3680 824 3757 ἐμοί
846 3681 935 3763 ραίνε·
976 3682 1048 3760 πειν]
1067 3679 1132 3762 ὑπὲρ
1150 3686 1195 3739 τοῦ
1212 3679 1319 3748 πιστούς
1332 3681 1418 3757 μεῖναι
1434 3678 1527 3747 αὐτοὺς
1544 3682 1633 3754 ἠξίουν
1646 3687 1671 3743 οἱ
1685 3685 1760 3757 Ἀθη·
1775 3710 1801 3746 τε

150 3792 209 3840 ται,
223 3767 261 3843 μῆ
274 3767 457 3827 ὑπολείπεσθαι
475 3765 607 3844 μηδεμίαν
621 3766 706 3825 αἰτίαν
720 3772 765 3825 τοῦ
780 3767 935 3839 δυνῆσεσθαι
977 3774 1045 3824 ναῖοι
1051 3772 1113 3832 ναῦς
1121 3764 1297 3842 συμπέμπειν.
1308 3807 1343 3817 -
1352 3785 1374 3825 ³.
1382 3765 1473 3825 Λίτιον
1483 3769 1505 3826 δ’
1517 3769 1662 3850 ἐγένετο...]
1678 3771 1761 3832 αίτιον

153 3857 285 3934 ἀντισχεῖν
298 3852 356 3922 τοδς
369 3853 524 3926 Ἀθηναίους.
539 3888 580 3901 -
595 3853 635 3913 Τύ
648 3854 672 3932 γ’
687 3853 758 3912 ἐπιδν
773 3852 855 3935 θέρος]
872 3855 930 3914 ἀντί
978 3852 1000 3911 δ’
1012 3852 1114 3932 ἐγένετο
1123 3857 1170 3924 τῆς
1185 3855 1331 3925 ἀποστολῆς
1344 3856 1396 3912 τῶν
1408 3857 1473 3913 νεῶν
1485 3855 1514 3914 τδ
1528 3856 1586 3924 τοὺς
1597 3857 1709 3926 πολλοὺς
1722 3859 1760 3936 μῆ

151 3947 198 4002 w]
212 3946 251 4026 τῷ
265 3941 363 4001 ἐπιόντι
376 3940 454 4022 θέρει.
468 3975 510 3987 -
521 3962 544 4002 ι.
558 3940 779 4022 Ἀπρορασίστως]
793 3942 874 4023 χωρίς
886 3947 934 4015 τῆς
978 3939 1072 3999 είδέναι
1083 3939 1117 4000 τά
1128 3939 1306 4021 πραττόμενα.
1322 3973 1357 3982 -
1372 3941 1439 4021 Πρίν
1452 3965 1478 3999 τι
1491 3942 1536 4001 καί
1549 3945 1656 4027 ίσχυρδν
1670 3945 1761 4005 λάθω-

153 4029 318 4111 προράσεως.
978 4029 1032 4107 σιν]
1044 4027 1101 4089 ἐντί
1112 4034 1172 4103 τοῦ,
1185 4029 1245 4110 πρίν
1260 4029 1371 4107 δύναμίν
1382 4052 1440 4088 τινα
1452 4031 1641 4111 προςλάύωσιν.

114 4127 142 4169 ⁰⁰
194 4119 246 4178 ΙΙΙ.
268 4115 462 4198 Μεμρομένων]
475 4114 575 4187 δηλαδῆ
589 4118 642 4181 τοῖς
657 4116 882 4194 Λακεδαιμονίοις.
1017 4120 1053 4178 X.
1074 4116 1306 4196 Ἐπηγγέλθησαν]
1317 4120 1345 4175 αἱ
1354 4116 1464 4176 σπονδαί
1475 4117 1601 4189 δηλονότι.
1616 4151 1651 4162 -
1663 4119 1761 4180 Ἐθεώ-
1775 4141 1801 4178 ιο

193 4205 246 4265 lv.
267 4203 488 4282 Ξυστελλόμενοι]
499 4205 557 4263 ἀντί
571 4208 617 4262 τοῦ
629 4202 790 4280 συνάγοντες.
980 4206 1058 4285 ρουν]
1073 4204 1190 4282 ἐπεμπον
1204 4203 1320 4284 θεωρούς.
1335 4246 1374 4257 -
1387 4203 1441 4263 ίίαί
1460 4203 1550 4275 ἐπειδὴ
1566 4206 1759 4287 ἀνεχώρησαν]

192 4292 232 4352 V.
257 4289 435 4372 Ἀμφοτίρων]
463 4290 544 4368 ἤγουν
570 4292 622 4348 τῶν
650 4287 865 4366 Λακεδαιμονίων
889 4288 935 4349 καί
979 4294 1003 4350 οἱ
1019 4292 1109 4373 θεωροὶ
1127 4291 1256 4363 δηλονότι.
1270 4329 1305 4340 -
1318 4311 1340 4349 ε.
1354 4293 1389 4351 Οί
1404 4289 1447 4368 δέ]
1461 4293 1486 4349 οἱ
1500 4290 1639 4372 Κορίνθιοι.
1658 4326 1699 4340 -
1712 4293 1759 4355 'E-

153 4377 306 4450 Ἀθηναίων.
320 4374 411 4448 -Ἦ
424 4375 509 4456 ώςπερ
521 4375 673 4456 ἐρχομένων
685 4380 712 4436 ἐν
726 4381 877 4457 κατασκευῇ
889 4382 934 4437 τοῦ
978 4383 1063 4456 πῆγον
1077 4381 1103 4444 ἐς
1115 4377 1146 4437 εδ
1156 4377 1280 4456 πέλαγος]
1292 4376 1452 4457 ὑπεχώρουν,
1465 4378 1536 4446 ὅπως
1549 4381 1585 4446 είς
1599 4378 1630 4438 πδ
1644 4379 1759 4458 πέλαγος

154 4462 283 4543 πολέμου]
299 4463 357 4523 άντί
373 4469 419 4523 τοῦ
436 4467 462 4524 ἐν
477 4466 547 4544 ἀρχῇ
562 4468 607 4522 τοῦ
624 4462 740 4540 πολέμου
753 4463 850 4523 ἐκαστα
869 4467 936 4522 ἕτοι-
979 4464 1089 4530 ἐκείνους
1110 4464 1333 4544 προκαλίσωνται.
1355 4497 1396 4509 -
1410 4483 1433 4525 ε.
1452 4465 1600 4548 Μετέιερον]
1613 4465 1756 4528 πλέουσαν.

115 4567 143 4607 ιε
155 4549 299 4628 μαζόνπων.
310 4584 350 4595 -
360 4570 382 4609 ε.
395 4549 453 4621 Τῆν
464 4549 596 4628 διάὸασιν]
610 4551 646 4617 είς
655 4549 701 4620 τῆν
716 4548 832 4612 Εύύοιαν
844 4551 936 4622 δηλον·
980 4594 1014 4604 -
1035 4550 1216 4632 Ὁρμίζουσιν]
1241 4556 1268 4611 ἐν
1286 4548 1360 4630 όρμῳ
1378 4549 1513 4622 ἐποίησαν.
1533 4588 1574 4599 -
1591 4573 1615 4615 ι.
1637 4552 1692 4614 Καί
1705 4558 1757 4614 τῶν
1773 4572 1799 4612 ιο

154 4637 206 4699 ότι.
222 4672 263 4682 -
274 4636 448 4717 Ὺπέσχοντο]
461 4638 514 4704 τοῖς
526 4635 646 4704 Λεσύίοις
660 4636 788 4709 δηλονότι.
805 4672 845 4683 -
857 4654 879 4697 ο.
897 4636 936 4698 Ἢ
980 4639 1056 4717 νεῶν]
1070 4641 1121 4696 τῶν
1136 4637 1349 4714 Λακεδαιμονίων
1362 4637 1490 4710 δηλονότι.
1573 4708 1581 4719 ·

156 4727 210 4784 τῶν
223 4727 251 4784 ἐν
264 4728 297 4804 τῆ
313 4725 388 4783 πόλει
409 4724 634 4800 Λακεδαιμονίων]
653 4722 710 4782 ἀντὶ
723 4723 811 4797 τοῦ,ἤ
826 4727 850 4783 οί
863 4727 891 4783 ἐν
904 4729 937 4804 τῆ
1020 4727 1070 4787 xl.
1091 4722 1252 4803 Ἐπέταξαν]
1265 4723 1402 4794 Ἀθηναῖοι.
1416 4759 1457 4770 -
1471 4724 1590 4805 Ἱκανάς]
1605 4725 1651 4794 τδς
1664 4729 1756 4786 αὐτῶν.

156 4812 234 4872 πόλει
245 4811 455 4889 Λακεδαιμόνιοι.
469 4846 511 4856 -
525 4810 623 4889 Δεινός]
639 4810 697 4869 ἐντί
708 4816 754 4871 τοῦ
768 4810 883 4893 ρούερός.
898 4845 938 4857 -
980 4842 1011 4853 -
1022 4834 1045 4874 ε.
1059 4811 1114 4873 Καὶ
1129 4810 1272 4882 ἐπενόησαν
1286 4809 1333 4888 μίν
1345 4817 1513 4871 κατακαῦσαι
1524 4810 1570 4879 τδς
1583 4814 1655 4892 ναῦς]
1668 4816 1692 4872 οί
1707 4817 1759 4875 lle·

155 4919 179 4960 ι.
190 4897 358 4981 Ἔπρασσιν]
369 4901 449 4979 ἤγουν
460 4898 631 4979 συνέπραττε.
643 4933 683 4943 -
693 4901 755 4958 Τῶν
766 4899 848 4971 κάτω]
861 4900 940 4978 ἐπαρ·
981 4898 1146 4970 λοποννῆσιοι
1163 4897 1209 4965 τδς
1226 4897 1364 4979 προτέρας.
1379 4937 1415 4949 -
1427 4901 1475 4980 Τῷ
1495 4904 1575 4980 πεζῷ]
1592 4900 1634 4958 διδ
1649 4903 1695 4958 τοῦ
1707 4910 1757 4958 ἰτακ

117 4994 145 5033 ¹⁰
156 4986 524 5067 χιῶν.-ε.Πεπραγμένος]
535 4985 592 5044 ἀντὶ
603 4991 648 5044 τοῦ
663 4985 936 5065 άπῃτημένος.-·οι’ν
983 4990 1035 5055 ζοῦ.
1770 5001 1801 5067 να

157 5072 299 5151 δυνάμενος
316 5072 490 5154 πράσσεσθαι]
505 5072 562 5132 ἀντί
573 5077 619 5131 τοῦ
635 5075 664 5132 οὗ
680 5071 819 5150 δυνάμενος
840 5071 939 5153 ἐκπρά-
1021 5075 1084 5133 ΧΙΙ.
1107 5093 1127 5131 κ.
1142 5069 1237 5149 Λῦσός]
1250 5074 1264 5129 ὁ
1277 5071 1450 5144 Ἀλκιὸιάδης.

234 5198 343 5243 Τυυονιν.
354 5199 441 5245 scuot.
487 5187 492 5200 '
1682 5199 1709 5234 ω
