3676 5828
184 277 242 333 208

181 419 224 479 >itt
236 416 288 500 πρὸ
298 421 346 489 τῆς
357 423 401 477 νῦν
415 420 511 500 ἀγορᾶς
521 419 607 493 οὔσης
622 422 667 482 καὶ
681 422 711 481 τό
724 423 815 484 λσιπδν
830 428 854 483 οἱ
867 425 964 507 ’cippi-

181 509 302 581 πολῖται,
316 506 495 588 περιέρξαντες
509 510 630 569 αὐτοῦτὸ
647 514 784 589 μνημεῖον,
800 516 835 580 ὡς
849 510 918 594 ήρωί
936 537 964 572 τε

181 595 331 674 ἐντέμνουσι
350 595 395 653 καὶ
408 595 487 675 τιμδις
505 598 647 658 δεδώκασιν
668 601 771 678 ἀγῶνας
785 602 831 660 καὶ
846 600 964 674 ἐτησίους

181 681 344 757 θυσίας,καί
364 681 412 755 τὴν
427 684 549 744 ἀποικίαν
563 689 599 753 ὡς
612 688 715 768 οἰκιστῇ
729 687 900 768 προσέθεσαν,
915 712 963 747 κα-

180 771 339 840 ταῦαλόντες
351 771 385 831 nd
400 771 538 851 Ἁγνώνεια
551 774 751 854 οἰκοδομήματα
761 776 807 835 καί
818 776 964 858 ἀφανίσαν-

179 885 220 931 τες
234 862 259 921 εἰ
271 885 297 921 τι
316 859 481 940 μνημόσυνόν
495 884 546 920 που
560 862 668 940 ἔμελλεν
688 867 767 923 αὐτοῦ
786 869 832 937 τῆς
846 864 962 932 οἰκίσεως

159 946 162 951 ’
178 949 358 1033 περιέσεσθαι,
372 948 525 1026 νομίσαντες
538 950 581 1009 τὸν
596 951 644 1029 μὲν
659 953 792 1031 Βρασίδαν
807 952 914 1034 σωτῆρά
933 977 962 1012 τε

179 1042 251 1120 σφῶν
265 1043 420 1118 γεγενῆσθαι
433 1037 479 1096 καί
493 1040 519 1096 ἐν
533 1044 571 1121 τῷ
582 1039 692 1120 παρόντι
707 1041 763 1120 ἅμα
779 1040 827 1113 τήν
841 1046 892 1100 τῶν
906 1046 961 1101 Λα-

178 1126 351 1205 κεδαιμονίων
364 1126 516 1205 ξυμμαχίαν
530 1126 603 1209 ρόῦῳ
615 1132 666 1186 τῶν
678 1129 820 1200 Ἀθηναίων
834 1129 963 1210 θεραπεύ-

179 1239 263 1289 οντες,
275 1215 318 1274 τὸν
332 1215 359 1273 δὲ
365 1214 485 1294 Ἅγνωνα
497 1213 566 1274 κατὰ
581 1214 611 1274 τὸ
620 1215 746 1293 πολέμιον
756 1222 809 1275 τῶν
819 1217 960 1289 Ἀθηναίων

176 1306 224 1363 οὐκ
235 1302 265 1363 ἀν
278 1303 374 1382 ὁμοίοις
387 1303 460 1384 epici
476 1300 610 1383 ξυμρόρως
623 1303 676 1362 οὔδ’
689 1303 720 1362 διν
731 1303 814 1376 ἡδέως
824 1302 870 1371 ri<
883 1302 961 1381 τιμδις

177 1392 257 1473 ἐχειν.
300 1393 331 1469 (α)
347 1391 400 1450 Καὶ
410 1389 469 1456 τοὺς
482 1388 587 1471 νεκρσθς
597 1392 650 1458 τοῖς
665 1390 807 1463 Ἀθηναίοις
819 1390 959 1449 ἀπέδοσαν.

176 1479 317 1540 Ἀπέθανον
337 1476 366 1537 δὲ
381 1476 521 1550 Ἀθηναίων
537 1475 585 1555 μὲν
599 1479 660 1559 περὶ
681 1477 843 1550 ἑξακοσίους,
863 1481 917 1552 τῶν
936 1480 959 1537 δ’

175 1568 300 1627 ἐναντίων
312 1565 393 1639 ἐπτά,
407 1564 450 1625 tuh
459 1565 490 1624 τό
500 1563 537 1643 μὴ
551 1569 579 1625 ἐκ
591 1567 762 1648 παρατάξεως
772 1565 860 1625 ἀπὸδὲ
871 1564 961 1625 τοιαώ-

174 1681 222 1729 της
235 1655 373 1736 ξυντυγίας
386 1654 432 1714 καὶ
444 1653 663 1735 προεκφοόήσεως
684 1654 732 1727 τὴν
751 1656 842 1735 μάχην
859 1657 959 1733 μᾶλλον

174 1744 304 1825 γενέσθαι.
347 1745 380 1821 (a)
395 1741 471 1803 Μετδι
485 1742 513 1801 δὲ
525 1743 572 1815 τήν
587 1743 720 1824 ἀναίρεσιν
734 1742 818 1821 οἱμὲν
833 1743 875 1801 ἐπ’
888 1742 958 1801 οἴκου

176 1832 354 1911 ἀπέπλευσαν,
372 1837 395 1891 oi
414 1831 442 1890 δέ
464 1829 531 1909 μετά
550 1837 598 1892 τοῦ
613 1831 759 1913 Κλεαρίδου
778 1830 812 1890 τδι
829 1830 890 1911 περὶ
910 1829 958 1901 τὴν

175 1923 330 2003 ’Λμρίπσλιν
344 1920 508 1980 καθίσταντο.

213 2013 280 2072 ΧΙΙ.
304 2008 417 2070 Καίὔπδ
426 2007 485 2075 τοθς
499 2007 591 2075 αὐτοὺς
601 2007 708 2088 χρόνους
714 2013 760 2066 τοῦ
773 2006 957 2087 θέρουςτελευ-

172 2103 268 2168 τῶντος
277 2097 411 2180 Ῥαμρίας
421 2097 651 2178 καὶοθύτοχαρίδας
662 2097 708 2156 καὶ
718 2096 888 2188 Ἐπικυδίδας
902 2098 959 2154 Λα-

172 2188 332 2267 κεδαιμόνιοι
345 2191 369 2254 ἐς
376 2184 409 2244 nd
419 2185 462 2244 ἐπὶ
473 2185 584 2267 Θρᾴκης
594 2185 681 2266 χωρία
691 2185 812 2264 βοήθειαν
822 2189 885 2264 ήγσν
897 2185 957 2242 ἐνα-

172 2277 268 2336 κοσίων
286 2277 409 2345 ὁπλιτῶν,
423 2274 469 2333 καὶ
483 2272 635 2355 ἀφικόμενοι
653 2275 680 2338 ἐς
692 2272 852 2354 Ἡράκλειαν
866 2269 914 2341 τήν
931 2273 958 2329 ἐν

171 2368 287 2447 Τραχῖνι
300 2362 480 2423 καθίσταντοό
492 2386 517 2419 τι
532 2365 619 2428 αὐτοῖς
631 2360 716 2420 ἐδόκει
731 2360 865 2438 μὴκαλῶς
877 2357 956 2438 ἔχειν.

173 2454 203 2532 (a)
219 2449 452 2533 Ἐνδιατριόόντων
465 2448 493 2507 δὲ
507 2451 593 2507 αὐτῶν
608 2447 726 2528 ἔτυχενὴ
740 2447 814 2527 μάχη
830 2448 896 2519 αὔτη
910 2472 956 2526 γε·

171 2539 283 2619 νομένη,
297 2538 344 2598 καί
358 2539 388 2597 τὸ
400 2539 474 2619 θέρος
488 2536 619 2596 ἐτελεύτα.

211 2631 292 2689 Xlll.
316 2631 341 2688 Τ
342 2632 371 2685 οὔ
390 2626 412 2685 δ’
427 2623 625 2703 ἐπιγιγνομένου
638 2628 766 2704 χειμῶνος
787 2623 861 2691 εἰιθθς
876 2622 956 2704 μέχρι

171 2715 220 2793 μέν
232 2714 340 2796 ΙΙιερίου
353 2718 401 2786 τῆς
414 2713 567 2781 Θεσσαλίας
581 2715 684 2785 διῆλθον
696 2717 720 2773 σί
734 2712 794 2794 περὶ
808 2712 852 2771 τὸν
867 2711 956 2788 Ῥαμ-

170 2805 241 2886 ρίαν,
254 2803 406 2864 κωλυόντων
418 2802 445 2860 δὲ
455 2806 507 2861 τῶν
522 2804 679 2874 Θεσσαλῶν,
694 2802 740 2861 καὶ
753 2801 810 2880 ἅμα
825 2800 955 2883 Βρασίδου

169 2899 306 2960 τεθνεῶτος
315 2883 513 2975 ᾧπερήγσντὴν
524 2891 658 2971 στρατιάν,
670 2890 851 2972 ἀπετράποντο
863 2892 904 2947 ἐπ’
917 2888 952 2947 σί-

169 3005 230 3055 κσυ,
244 2980 396 3060 νομίσαντες
410 2978 501 3038 οὐδένα
519 2977 609 3057 καιρὸν
624 2969 691 3038 εἶναι
709 2979 748 3037 ἔτι
765 2982 817 3037 τῶν
832 3000 861 3035 τε
877 2976 955 3048 ’Λθη-

168 3070 249 3130 ναίοιν
266 3070 337 3149 ἥσσῃ
358 3066 560 3140 ἀπεληλυθότων
575 3067 620 3126 καὶ
641 3070 689 3126 σθκ
707 3065 849 3147 ἀξιόχρεων
868 3067 953 3123 αὐτῶν

168 3156 249 3218 όντων
265 3161 327 3241 δρᾶν
341 3182 367 3216 τι
386 3148 423 3215 ὧν
446 3158 563 3223 κάκεῖνος
576 3152 687 3215 ἐπενόει.
729 3154 763 3233 (ι)
784 3152 911 3214 Μάλιστα
926 3151 953 3210 δὲ

168 3250 286 3320 ἀήλθον
307 3247 401 3312 εἰδότες
421 3242 481 3311 τοὺς
506 3242 743 3320 Λακεδαιμονίους,
763 3239 806 3300 ὅτε
835 3239 953 3320 ἐξῄεσαν,

168 3335 232 3420 πρός
245 3336 292 3407 τήν
302 3334 407 3416 εἰρήνην
423 3334 522 3411 μᾶλλον
536 3331 584 3403 τὴν
596 3330 704 3410 γνώμην
719 3328 835 3409 ἔχοντας.

208 3427 283 3486 XIV.
306 3421 413 3494 Ξυνέόη
427 3445 456 3480 τε
467 3419 538 3487 εὐθὺς
549 3418 616 3498 μετδι
627 3418 675 3491 τήν
687 3422 714 3477 ἐν
731 3417 885 3500 ’Λμριπόλει
900 3415 954 3494 μά-

166 3534 218 3592 γην
231 3512 276 3571 καῖ
287 3510 335 3584 τὴν
352 3508 486 3590 Ῥαμρίου
500 3506 669 3587 ἀναχώρησιν
683 3510 712 3565 ἐκ
721 3505 873 3571 Θεσσαλίας
884 3503 953 3562 ὥστε

166 3578 284 3679 πολέμου
296 3598 343 3679 μὲν
360 3599 442 3677 μηδὲν
460 3597 498 3655 ἔτι
518 3596 635 3677 ἅψασθαι
656 3594 824 3675 μηδετέρους,
844 3592 908 3673 πρὸς
924 3591 951 3651 δέ

166 3686 214 3759 τλν
228 3689 332 3769 εἰρήνην
342 3688 441 3763 μᾶλλον
453 3683 501 3756 τήν
513 3683 620 3762 γνώμην
637 3706 647 3740 ε
660 3706 716 3763 χον,
727 3685 751 3741 οἱ
762 3680 808 3760 μὲν
821 3681 951 3752 Ἀθηναῖοι

165 3774 308 3853 πληγέντες
320 3773 364 3833 ἐπί
377 3777 415 3854 τῷ
430 3772 520 3853 Δηλίῳ
534 3772 581 3829 καλ
597 3771 628 3829 δι’
647 3770 737 3849 ὀλίγου
757 3761 829 3836 αὔθις
843 3772 869 3827 ἐν
885 3769 949 3848 Ἀμ-

166 3863 284 3940 φιπόλει,
299 3862 344 3922 καί
358 3864 405 3921 οὐκ
417 3861 519 3940 ἔχοντες
529 3859 577 3931 τήν
591 3859 684 3919 ἐλπίδα
694 3863 740 3930 τῆς
754 3857 843 3940 ῥώμης
855 3858 950 3929 πιστήν

166 3951 217 4024 ἔτι,
230 3945 299 4034 ᾗπερ
314 3954 344 4010 οὔ
359 3949 549 4031 προσεδέχοντο
562 3948 689 4029 πρότερον
705 3946 752 4014 τδς
766 3945 892 4018 σπονδάς,
908 3947 951 4004 δο-

165 4046 269 4109 κοῦντες
282 4045 316 4121 τῇ
329 4036 450 4119 παρούσῃ
466 4036 575 4117 εὐτυχίᾳ
585 4034 772 4117 καθυπέρτεροι
784 4034 949 4112 γενήσεσθαι·

167 4132 198 4208 (ο)
213 4128 259 4188 καί
272 4129 331 4196 τοὺς
343 4125 495 4206 ξυμμάχους
510 4125 566 4203 ἅμα
580 4124 710 4184 ἐδεδίεσαν
724 4127 795 4205 cpi-'u
811 4122 848 4200 μὴ
863 4122 905 4180 δεδι
917 4121 949 4181 rit

165 4218 309 4300 σράλματα
325 4216 492 4298 ἐπαιρόμενοι
506 4214 550 4273 ἐπὶ
568 4214 648 4273 πλέον
663 4216 822 4283 ἀποστῶσιν,
838 4210 950 4289 μετεμέ-

163 4305 240 4365 λοντό
253 4330 282 4365 τε
292 4306 330 4365 ότι
344 4304 411 4383 μετθ
424 4303 457 4363 τδι
470 4307 495 4363 έν
507 4300 590 4384 Πύλῳ
604 4304 690 4370 καλῶς
701 4300 839 4381 παρασχὸν
851 4303 879 4359 οὔ
893 4299 949 4368 ξυν-

163 4392 276 4465 έόησαν·
331 4395 364 4473 (3)
386 4395 409 4451 οἱ
431 4393 453 4451 δ’
474 4386 507 4451 αὖ
523 4390 727 4469 Λακεδαιμόνιοι
747 4388 820 4470 παρὰ
840 4388 948 4467 γνώμην

164 4479 211 4558 μέν
227 4480 412 4548 ἀπσόαίνοντος
426 4479 498 4562 σρίσι
512 4486 557 4539 τοῖι
572 4477 703 4557 πολέμου,
716 4480 743 4537 ἐν
759 4469 781 4559 ᾧ
795 4477 877 4559 ᾤοντο
891 4480 947 4536 ὀλι-

163 4592 216 4648 γων
229 4574 293 4628 ἐτῶν
311 4567 479 4651 καθαιρήσειν
495 4568 542 4641 τήν
556 4573 608 4627 τῶν
629 4566 771 4640 Ἀθηναίων
790 4566 909 4644 δύναμιν,
926 4569 948 4624 εἰ

163 4657 210 4729 τήν
225 4663 274 4737 γῆν
288 4655 416 4736 τέμνσιεν,
429 4657 612 4739 περιπεσόντες
625 4655 652 4714 δέ
666 4662 699 4737 τῇ
716 4659 784 4735 ἐντῇ
799 4653 872 4735 νήσῳ
884 4653 949 4733 ξυμ-

163 4755 246 4828 φορᾷ,
261 4744 304 4804 σία
318 4744 391 4804 οὔπω
404 4744 572 4824 γεγένητοτῇ
588 4743 717 4824 Σπάρτῃ,
731 4741 777 4801 καί
788 4740 948 4820 λῃστευομέ-

162 4859 208 4907 νης
220 4840 267 4905 τῆς
286 4832 375 4914 χώρας
395 4837 424 4892 ἐκ
442 4839 489 4906 τῆς
503 4832 594 4894 ΙΙόλου
615 4831 660 4890 καί
679 4830 817 4911 Κυθήρων,
833 4832 947 4907 αὐτομο-

162 4921 276 4981 λούντων
288 4946 317 4980 τε
326 4926 377 4980 τῶν
389 4921 525 4999 Εἱλώτων,
538 4920 583 4980 καῖ
596 4919 636 4977 ἀεὶ
648 4918 806 4998 προσδοκίας
819 4917 898 4989 οὔσης
909 4918 947 4996 μή

73 4998 75 5003 ¹
162 5034 188 5067 τι
202 5010 248 5069 καὶ
261 5013 284 5068 σί
299 5009 469 5088 ὑπομένοντες
477 5011 530 5076 τοῖς
541 5008 590 5077 ἔξω
598 5007 700 5066 πίσυνοι
711 5006 775 5087 πρὸς
785 5004 819 5064 τδι
829 5006 945 5086 παρόντα

164 5097 250 5180 epicis
265 5095 354 5179 ὥσπερ
372 5098 417 5157 καὶ
431 5098 557 5179 πρότερον
571 5094 767 5175 νεωτερίσωσιν.
817 5096 848 5173 (ε)
864 5092 946 5153 Ξυνέ-

863 278 1099 343 Thuctutms

1011 440 1065 499 est;
1076 442 1101 487 et
1111 452 1140 489 ex
1157 452 1186 491 σο
1198 444 1304 505 tempore
1318 446 1504 511 Amplripulitani
1512 486 1520 511 ,
1529 464 1608 515 quum
1621 452 1704 518 ipsius
1716 470 1804 509 munn-

1008 524 1116 569 mentum
1128 527 1197 584 septo
1205 524 1432 589 circumdedissent,
1445 534 1472 580 ut
1483 531 1549 581 herm
1558 542 1708 599 parentant,
1719 544 1745 589 et
1756 540 1802 591 hc-

1007 613 1078 652 uores
1096 604 1230 654 tribuerunt
1245 610 1375 659 certamina
1392 615 1417 661 ot
1435 612 1550 665 amiticia
1569 617 1753 681 anniversaria,
1775 626 1802 673 et

1007 681 1124 733 coloniam
1135 686 1209 734 etiam
1224 687 1285 750 ipsi,
1300 694 1326 738 ut
1337 690 1390 752 ejus
1402 692 1536 755 condituri,
1547 696 1728 761 attribuerunt,
1737 700 1800 765 deje-

1006 765 1053 814 ctis
1060 768 1180 827 linguonis
1187 768 1304 834 adificiis,
1314 774 1428 837 nuntiique
1439 784 1597 829 monumento
1602 780 1695 845 deleto,
1707 785 1728 835 si
1739 786 1799 849 quid

1006 845 1066 896 torte
1080 855 1219 912 supererat,
1237 852 1303 914 quod
1318 854 1417 906 colonien
1432 857 1464 907 ab
1480 871 1511 908 eo
1528 859 1641 911 deductae
1656 864 1796 913 memoriam

1005 939 1147 980 conservare
1163 938 1259 993 resset,
1270 934 1455 1001 existimantes,
1466 940 1592 1011 Brasidanr
1607 942 1709 1007 quidem
1725 959 1795 996 strum

1006 1016 1150 1062 servatorem
1166 1014 1302 1079 exstitisse,
1319 1019 1391 1069 simui
1407 1021 1479 1071 ctiam
1497 1022 1685 1087 inpraesentia,
1701 1034 1796 1092 propter

1005 1094 1185 1147 Atheniensium
1206 1105 1311 1164 metum,
1334 1102 1573 1155 Lacedaemoniorum
1594 1108 1736 1161 sicictmem
1757 1126 1793 1161 σο

1004 1174 1094 1240 lentes,
1115 1184 1257 1243 Hagnouem'
1279 1198 1337 1234 vero
1358 1192 1456 1251 propter
1477 1190 1664 1242 Atheniensium
1689 1194 1792 1245 huetium

1004 1257 1139 1313 iuimicitias
1151 1279 1198 1314 non
1214 1279 1284 1330 ωηιιε
1300 1282 1330 1318 ex
1343 1283 1389 1319 usu
1405 1285 1451 1321 suo
1466 1272 1505 1322 his
1520 1274 1680 1326 tronorihusa
1699 1290 1726 1327 se
1737 1280 1791 1330 aite-

1004 1348 1069 1394 etum
1085 1360 1163 1409 neque
1173 1350 1244 1399 etinm
1261 1351 1291 1401 iis
1306 1352 1451 1404 delectatum
1465 1355 1503 1405 iri.
1536 1358 1572 1421 (2)
1588 1362 1700 1409 ltortuos
1715 1366 1790 1413 ianm

1004 1428 1189 1482 Atheniensibus
1200 1434 1365 1485 reddidemnt.
1398 1438 1515 1490 Obiemnt
1528 1445 1610 1492 autem
1625 1455 1659 1492 ea
1670 1444 1791 1495 Athenium

1003 1513 1072 1563 sihus
1088 1515 1185 1578 uiridem
1201 1517 1232 1567 ad
1250 1526 1391 1584 sexcentos,
1407 1535 1438 1573 ex
1453 1523 1599 1577 adt'ersnriis
1614 1540 1676 1577 rere
1688 1539 1790 1593 septeni,

1003 1597 1119 1659 quianon
1135 1601 1186 1650 acie
1202 1601 1320 1654 inshucta
1328 1605 1422 1667 iustum
1435 1608 1545 1671 prelium
1557 1610 1721 1662 commissum
1729 1620 1789 1675 erat,

1010 1681 1052 1730 sed
1070 1684 1151 1746 potius
1169 1685 1287 1747 ejusmodi
1304 1702 1379 1753 casu,
1400 1696 1516 1755 metuque
1532 1694 1601 1757 prins
1616 1694 1725 1745 incusso.
1757 1698 1789 1759 (t)

1003 1769 1085 1823 Quum
1096 1772 1178 1819 eutem
1194 1772 1352 1823 Athenienses
1368 1787 1468 1825 suomm
1485 1776 1604 1828 cadavere
1617 1781 1788 1844 sustulissent,

1002 1850 1048 1913 ipsi
1066 1853 1163 1915 quidem
1179 1855 1278 1906 domum
1297 1857 1375 1908 classe
1390 1860 1454 1909 vecti
1469 1860 1605 1923 redierunt,
1620 1863 1659 1913 illi
1670 1877 1789 1915 renounn

1002 1935 1109 1987 Clenrida
1121 1952 1160 1987 res
1169 1940 1375 2004 Amphipolitanas
1384 1943 1587 1995 constituebant·

1032 2026 1085 2073 xri.
1103 2026 1153 2076 Sub
1174 2028 1258 2077 eadem
1275 2031 1368 2079 oestads
1385 2034 1500 2081 extremae
1517 2035 1627 2096 tempora
1644 2035 1789 2099 Rhamphiaa

1002 2115 1026 2160 et
1040 2113 1216 2164 Autoehuuidas
1232 2120 1257 2166 et
1270 2116 1414 2180 Epicydidas
1426 2118 1602 2171 Lacedaemonii
1616 2127 1789 2185 nongentorum

1001 2201 1081 2261 gravis
1090 2208 1218 2253 situaturre
1229 2204 1332 2254 militum
1344 2206 1539 2269 supplementum
1548 2208 1574 2258 in
1582 2210 1714 2260 Thraciam
1722 2211 1788 2261 dune

1001 2288 1072 2349 haut,
1084 2295 1109 2338 et
1120 2305 1194 2353 quum
1204 2293 1356 2355 tteraeleam,
1369 2308 1424 2357 quae
1433 2299 1471 2345 est
1482 2295 1507 2346 in
1518 2310 1575 2359 agro
1587 2299 1731 2361 Traclrinio,
1739 2314 1788 2364 per·

1001 2377 1137 2440 venisseut,
1161 2379 1273 2443 quiequid
1291 2381 1320 2428 iis
1336 2396 1384 2431 uon
1405 2387 1470 2433 recte
1490 2396 1517 2433 sc
1540 2384 1631 2436 iraherc
1653 2386 1786 2451 ridebatur,

1000 2466 1184 2515 constituebant.
1218 2468 1251 2531 (a)
1264 2469 1311 2519 sed
1323 2484 1399 2532 quum
1408 2471 1441 2519 ihi
1451 2478 1611 2536 morarentur,
1622 2473 1672 2526 luco
1681 2478 1787 2540 prelium

1000 2554 1090 2603 interca
1101 2556 1258 2605 commissum
1270 2560 1321 2618 est,
1331 2562 1356 2608 et
1364 2563 1438 2608 aestas
1449 2558 1585 2610 liniebatur.
1596 2564 1606 2583 ·

1031 2644 1097 2690 Attl.
1114 2645 1266 2706 insequentis
1278 2649 1360 2694 nutem
1371 2645 1457 2697 hiemis
1469 2647 1537 2698 initio
1547 2649 1632 2699 statim
1644 2652 1787 2715 ltamphias,

1000 2712 1077 2774 etqui
1091 2726 1146 2761 curu
1159 2727 1188 2761 eu
1199 2720 1280 2776 erunt,
1292 2715 1323 2764 ud
1335 2716 1439 2766 hierium
1452 2730 1528 2781 iusque
1539 2719 1676 2771 Themalire
1687 2728 1788 2772 montem

999 2783 1117 2843 progressi
1127 2788 1197 2844 suut;
1206 2783 1249 2833 sed
1258 2798 1334 2847 qurum
1344 2787 1453 2838 Thessali
1463 2801 1505 2838 eos
1514 2789 1616 2839 transire
1622 2792 1787 2853 protuberent,

1000 2851 1070 2901 simul
1082 2853 1154 2901 etium
1166 2868 1241 2916 quum
1254 2857 1365 2907 Brasidas
1376 2858 1489 2916 obiisset,
1507 2858 1539 2908 nd
1555 2872 1630 2922 quem
1649 2862 1694 2911 hns
1710 2863 1787 2927 cupias

1000 2922 1132 2983 docebunt,
1145 2924 1244 2975 domum
1253 2931 1417 2990 reverterunt,
1426 2928 1594 2979 existimantes
1603 2930 1787 2996 haudquaquam

999 2993 1102 3056 amplius
1118 2999 1215 3057 tempus
1226 3003 1387 3060 opportunum
1399 3012 1466 3059 csse,
1482 3004 1534 3047 tum
1550 3000 1617 3063 quod
1633 3002 1788 3054 Athenienaes

999 3066 1083 3126 prmlio
1091 3066 1332 3130 victidiseessisseut,
1341 3069 1788 3134 tumquodidoneiipsinoneasentad

999 3136 1159 3197 peragendum
1167 3138 1358 3202 aliquideorum,
1367 3154 1423 3203 quse
1429 3140 1541 3192 Bresidaa
1549 3143 1631 3193 animo
1638 3150 1787 3208 conceperat

999 3207 1032 3267 (2)
1045 3207 1164 3270 t‘rauipue
1178 3222 1235 3258 vero
1247 3209 1425 3272 discessemnt,
1436 3210 1502 3273 quod
1513 3211 1617 3271 sonent,
1631 3214 1787 3276 quumdornn

998 3280 1108 3345 exibunt,
1124 3285 1317 3336 Lacelaemcnios
1333 3284 1364 3334 ad
1380 3298 1464 3349 paoem
1475 3287 1552 3349 nands
1567 3288 1666 3339 animos
1677 3288 1786 3339 leheim

1014 3368 1041 3402 ro
1058 3368 1137 3405 ensos.

997 3367 1014 3416 p
1028 3368 1091 3475 xplv.
1107 3428 1200 3479 Accidit
1213 3430 1301 3491 etiam,
1312 3435 1341 3479 ut
1353 3431 1435 3480 stetim
1446 3434 1502 3495 post
1515 3432 1630 3496 prmlium
1647 3434 1679 3484 nd
1690 3434 1787 3499 Amphi-

996 3513 1062 3575 polin
1077 3517 1232 3567 oommissum
1250 3522 1274 3568 st
1286 3519 1428 3582 eramphise
1438 3531 1469 3569 ea
1485 3520 1610 3571 Thessalia
1626 3522 1786 3573 reversionem

996 3605 1075 3652 neutri
1088 3604 1161 3654 ullum
1174 3606 1230 3655 belli
1242 3613 1336 3670 partem
1347 3608 1452 3671 amplius
1463 3608 1622 3671 attingerent,
1635 3610 1680 3660 sed
1696 3612 1786 3661 minam

996 3688 1027 3739 nd
1036 3705 1120 3754 paoem
1131 3694 1212 3756 potius
1224 3709 1355 3758 pmpeusos
1366 3696 1494 3757 haberent,
1505 3696 1667 3748 Athenienses
1674 3696 1785 3761 quidm,

996 3779 1061 3841 qrrod
1073 3786 1097 3829 et
1113 3781 1177 3844 npud
1190 3782 1284 3833 Delium
1300 3788 1325 3833 et
1336 3785 1408 3847 panio
1419 3788 1474 3847 post
1489 3796 1574 3833 rursus
1583 3782 1616 3834 ad
1633 3784 1784 3849 Amphipolin

995 3860 1087 3911 cladem
1100 3865 1262 3926 accepissent,
1279 3878 1324 3915 nee
1338 3870 1429 3915 certem
1442 3864 1531 3914 virium
1542 3878 1612 3929 eptem
1624 3866 1731 3930 amplius
1745 3866 1783 3915 lra-

995 3941 1091 4003 bereut,
1103 3958 1152 4007 quo
1168 3945 1221 3995 treti
1233 3945 1322 3996 ludera
1334 3947 1401 4009 prius
1412 3946 1538 3997 admittere
1550 3945 1694 4007 uoluerant,
1705 3946 1784 3999 existi·

995 4030 1102 4086 mentes,
1113 4040 1139 4075 se
1149 4034 1246 4091 propter
1255 4034 1398 4092 presentem
1408 4028 1543 4080 telidtntem
1553 4030 1694 4092 superiores
1701 4042 1783 4081 esaan

994 4123 1048 4169 ros;
1081 4113 1115 4173 (a)
1131 4116 1156 4160 et
1172 4112 1244 4162 simul
1256 4113 1335 4162 socios
1351 4125 1409 4162 suos
1422 4110 1625 4173 reformidabant,
1642 4126 1674 4163 ne
1690 4116 1783 4177 propter

994 4192 1049 4241 helii
1059 4192 1204 4244 ostensiones
1215 4194 1271 4243 elati
1283 4194 1359 4255 magis
1371 4207 1420 4244 ese
1430 4192 1571 4254 delicerent,
1583 4206 1677 4257 eosque
1687 4194 1783 4258 punite·

994 4272 1047 4333 hut,
1060 4274 1125 4336 ‹prud
1142 4279 1197 4337 post
1213 4289 1252 4324 res
1264 4274 1295 4324 ed
1306 4275 1391 4336 Pylum
1407 4276 1487 4335 gnus
1503 4271 1614 4321 idoneam
1634 4272 1782 4323 estasim

993 4352 1452 4415 nactimurrpositionemnontecissen13
1474 4350 1508 4415 (3)
1519 4348 1720 4400 Lacedaemonios
1727 4362 1783 4400 τετυ

925 4478 932 4499 ,
993 4437 1114 4498 uicissim,
1127 4436 1191 4501 quod
1204 4437 1292 4487 bellum
1305 4437 1365 4500 ipsis
1376 4441 1462 4500 prater
1473 4436 1610 4499 opinionem
1625 4434 1782 4497 etenheim

992 4519 1476 4582 quointrepuuuosnnuosttheuiensium
1483 4516 1782 4580 potentinmseerersuma

992 4606 1117 4665 putarant,
1139 4604 1160 4653 si
1176 4617 1260 4652 eorum
1278 4616 1362 4664 ugrum
1382 4602 1518 4660 emtarent,
1533 4603 1558 4649 et
1572 4598 1640 4663 quod
1656 4604 1741 4649 contm
1758 4599 1782 4649 in

992 4685 1057 4733 illam
1069 4685 1231 4735 columitatem
1245 4683 1397 4743 hreidissent,
1409 4695 1483 4744 ουτοι
1494 4682 1519 4731 iu
1530 4680 1610 4729 insuia
1625 4686 1780 4745 acceperant,

992 4767 1199 4830 qrralisnuuquum
1207 4770 1360 4829 antesparue
1368 4764 1512 4825 contigerat,
1520 4775 1596 4826 quum
1608 4762 1684 4813 simul
1692 4768 1719 4813 et
1727 4774 1781 4827 ager

991 4851 1122 4901 latrociniis
1136 4851 1288 4900 infestaretur
1299 4848 1329 4896 oh
1341 4847 1401 4905 illis,
1413 4846 1454 4909 qui
1466 4859 1480 4895 o
1496 4844 1554 4906 Pylo
1565 4849 1590 4894 et
1604 4846 1719 4907 cp'tlreris
1728 4858 1781 4910 prc-

991 4933 1086 4993 dihuul,
1097 4936 1122 4981 et
1132 4932 1229 4981 llelotes
1238 4930 1267 4979 nd
1278 4929 1361 4977 hostes
1370 4926 1559 4988 transfugerent,
1569 4929 1595 4976 et
1603 4926 1712 4991 suspicio
1720 4940 1781 4977 aetn-

991 5032 1033 5081 per
1044 5021 1124 5078 esset,
1136 5030 1166 5066 ue
1178 5021 1203 5065 et
1214 5015 1260 5075 illi,
1276 5014 1318 5078 qui
1330 5012 1395 5061 donni
1408 5010 1576 5071 remanebant,
1587 5011 1673 5061 confini
1683 5012 1728 5074 iis,
1738 5012 1780 5076 qul

990 5106 1058 5152 etha
1074 5106 1157 5159 eraut,
1176 5114 1220 5165 pro
1236 5097 1349 5163 presenti
1364 5109 1444 5148 rerum
1462 5106 1562 5147 suanum
1580 5098 1661 5158 statu,
1677 5096 1742 5147 sicut
1755 5102 1780 5147 et
