3676 5828
195 361 230 415 48
772 345 947 406 SCIIOLIA.
969 348 1011 419 ΙΙ,
1033 356 1068 408 57
1086 380 1127 391 -
1141 356 1188 407 6⁵.

218 485 309 546 LVII.
331 486 374 564 Τῇ
389 491 510 564 στρατιᾷ]
525 486 558 562 τῇ
570 483 629 565 περί
643 481 690 555 τὴν
705 482 915 557 Πελοπόννησον.
926 521 960 529 -
1001 485 1095 566 χρεών.
1108 486 1138 545 τὸ
1153 484 1180 546 δί
1195 483 1400 565 ἀπαλγήσαντας
1414 484 1472 544 ἀντὶ
1482 491 1529 545 τοῦ
1543 487 1740 566 παυσαμένους
1751 494 1794 551 εἰλ-

178 573 286 631 Θθτσον
297 576 328 631 ἐκ
344 577 391 643 τῆς
408 577 455 650 γῆς
476 571 595 642 ἐξελθεῖν]
615 573 637 629 εἰ
655 569 683 629 δί
697 595 735 638 τις
753 570 828 651 είπη,
843 572 889 631 καί
905 576 962 636 πῶς
1001 575 1065 652 γεῖν,
1080 571 1165 655 ὥςπερ
1180 572 1210 632 τδ
1222 572 1458 655 ἀπολοφυρόμενοι.

179 658 271 727 αὐτούς
285 661 332 717 οὐκ
346 659 479 739 ἐρόνευον;
493 657 603 738 λέγομεν
618 656 657 716 δτι
676 657 767 725 ἀσεὸὲς
782 665 858 718 τοῦτο
873 657 962 736 ἐνόμι-
1042 663 1133 721 LXII.
1146 692 1181 701 -
1191 660 1245 721 Τὸν
1260 659 1287 718 δὲ
1296 659 1386 740 πόνον]
1399 660 1430 720 τὸ
1440 660 1549 720 δυνατόν
1560 662 1728 744 κεφάλαιον·
1740 667 1793 726 ἔστι

179 750 232 815 ζον.
242 767 306 806 -ν,
321 745 425 825 Ταύτῃ]
438 751 471 825 τῇ
482 745 589 826 δευτέρα
603 745 730 818 δηλονότι.
1003 746 1031 805 δὲ
1045 747 1143 825 ύλόγος
1153 747 1179 815 ἐξ
1189 746 1349 815 ἀντιθέσεως.
1359 783 1400 794 -
1410 747 1523 828 Ὀρθῶς]
1534 749 1650 820 ἀληθῶς.
1661 785 1707 796 -
1714 753 1791 832 Τόδε]

154 849 166 886 b
219 836 324 894 LVIII.
346 838 402 894 Ταῦ
417 836 439 892 δ’
459 837 538 892 αὐτοῦ
560 833 657 914 θέρους]
680 834 835 912 μετοίόασις.
848 871 888 881 -
907 837 962 894 Πο·
1003 833 1229 914 τὸρηθησόμενον.
1242 835 1813 918 -Τὴνπροςτιοίησιν]τ·λνάπαγγελίαν.ε
1834 891 1836 894 .

178 922 376 1002 λιορκουμένην]
390 922 440 980 ὑπὸ
450 926 501 980 τῶν
512 921 652 993 Ἀθηναίων
660 920 865 994 δηλονότι-ε,
874 923 964 1001 Πρού-
1003 957 1044 968 -
1058 919 1346 1005 Καταπεπληγμένους]
1367 923 1625 998 καταπεπτωκότας,
1645 929 1688 1007 τῷ
1708 928 1788 1010 ρόδιρ

180 1008 270 1088 χώρει]
281 1007 450 1088 προέκοπτεν.
460 1048 495 1056 -
506 1009 610 1080 Αὗτοῖς]
619 1012 671 1074 τοῖς
678 1010 871 1088 πολιορκοῦσιν.
886 1005 963 1068 :H
1003 1045 1044 1055 —
1054 1031 1076 1070 ε.
1089 1014 1150 1070 Τῶν
1165 1013 1190 1077 ἐς
1210 1016 1305 1092 χρῆσιν
1321 1010 1451 1092 ρανερῶν]
1465 1009 1495 1069 τδ
1508 1009 1559 1090 γδιρ
1578 1017 1634 1093 πῦρ
1648 1014 1699 1071 καί
1713 1018 1727 1074 ὁ
1742 1016 1791 1096 α’ἡρ

180 1095 288 1176 αἵρεσις]
301 1094 461 1177 ἡπόρθησις.
471 1099 488 1174 §
498 1095 646 1173 σημείωσαι
657 1094 764 1175 αἵρεσις.
773 1126 807 1137 -
819 1094 963 1173 Ἐνταῦθα]
1004 1097 1033 1154 ού
1051 1095 1172 1155 τοσοῦτόν
1190 1099 1253 1156 εἰσιν
1273 1099 1298 1164 ἐς
1311 1101 1405 1177 χρῆσιν
1421 1096 1533 1178 ρανερύ·
1555 1098 1632 1157 κοινθι
1650 1098 1706 1182 γδιρ
1720 1111 1790 1163 πᾶσι.

181 1187 217 1250 εἰς
226 1183 274 1255 τλν
290 1182 445 1244 Ποτίδαιαν.
456 1210 488 1220 -
501 1203 522 1242 ³.
539 1186 574 1243 Οἱ
588 1180 615 1242 δὲ
627 1183 758 1265 πρότερον]
770 1185 794 1242 οἱ
806 1181 874 1260 μετθ
886 1183 960 1242 Καλ·
1003 1218 1044 1230 -
1054 1185 1194 1266 Φανερῶν]
1208 1184 1288 1244 όντων
1310 1183 1436 1257 δηλονότι.
1451 1215 1486 1225 -
1500 1186 1559 1245 Ούκ
1573 1185 1645 1245 ἔστιν
1657 1186 1738 1267 ὅστις]
1749 1193 1790 1249 οιί-

144 1287 168 1326 ιυ
180 1271 236 1330 λίου
249 1269 375 1342 δηλονότι.
1005 1272 1064 1339 δείς.
1078 1274 1177 1334 -Ἐν
1191 1277 1228 1354 τῷ
1249 1272 1370 1354 παρόντι]
1386 1273 1466 1348 ἤγουν
1489 1275 1566 1353 ἐντῇ
1589 1275 1716 1356 παρούσῃ
1730 1281 1788 1357 ζωῇ
1802 1293 1821 1332 ιι

220 1359 294 1419 LIX.
317 1356 486 1429 Ἠλλοίωντο]
498 1357 706 1435 μετεύλήθησαν.
719 1377 784 1418 -ν,
798 1359 963 1438 Ξυγχωρεῖν]
1004 1394 1044 1404 -
1058 1379 1081 1420 3.
1105 1362 1146 1419 Οὐ
1167 1360 1235 1419 κατὰ
1297 1359 1345 1432 τὴν
1366 1359 1469 1441 χρείαν]
1491 1358 1560 1418 ἀλλδι
1582 1363 1683 1439 μείζων
1699 1367 1790 1437 δηλον-

182 1445 317 1505 ἒνδιδόναι.
333 1464 401 1504 -3,
415 1442 581 1523 Ἀπαγαγών]
597 1443 759 1515 ἀποστήσας.
1004 1446 1054 1508 ότι.
1074 1482 1115 1493 -
1132 1447 1206 1519 Αὕτη
1226 1452 1243 1519 ἡ
1262 1446 1382 1530 δύναμις]
1402 1452 1448 1519 τῆς
1471 1447 1586 1520 πόλεως,
1612 1454 1629 1521 ἡ
1658 1454 1790 1512 θαλασσο-

221 1535 282 1596 LX.
305 1531 359 1594 Καὶ
381 1530 588 1613 προςδεγομένιρ]
613 1531 710 1605 ταύτης
733 1537 779 1603 τῆς
803 1531 964 1612 δημηγορίας
1006 1534 1112 1614 κρατία.
1128 1568 1167 1581 -
1182 1534 1320 1612 Αύτῶν]ἢ
1338 1534 1382 1593 τὸν
1396 1534 1520 1612 πόλεμον,
1537 1535 1554 1607 ἢ
1574 1534 1622 1608 τὴν
1636 1543 1688 1610 τῆς
1705 1542 1790 1621 χρείας

182 1619 314 1700 μέμνηται
329 1619 500 1699 Πλούταρχος
512 1623 538 1679 ἐν
546 1624 599 1687 τοῖς
608 1623 751 1686 πολιτικοῖς
758 1615 964 1700 παραγγέλμασι
1006 1625 1023 1680 σί
1044 1622 1151 1702 αίρεσιν.
1165 1657 1206 1669 -
1217 1621 1255 1683 Ἦ
1266 1624 1295 1680 αθ
1306 1622 1400 1694 κήπων
1412 1624 1453 1702 ...]
1465 1623 1495 1683 τὸ
1507 1624 1524 1695 ἤ
1539 1626 1568 1682 αἰ
1579 1625 1638 1683 οἰντί
1652 1632 1701 1685 τοῦ
1712 1629 1789 1701 ἀλλά,

144 1735 169 1773 ιε
182 1711 194 1788 [
207 1735 232 1784 p.
251 1729 304 1780 ων,
323 1709 361 1787 Β]
376 1743 417 1752 -
438 1707 493 1767 Καὶ
507 1731 553 1788 πρ.
574 1731 619 1785 μοι
637 1716 676 1781 ...]
698 1708 743 1767 καί
759 1706 965 1789 προςδοκήσαντί
1007 1646 1060 1768 οῖον
1073 1707 1246 1779 ἀλλάκήπιον
1259 1709 1304 1766 καί
1318 1706 1789 1796 ἐγκαλλόιπισμαπλυύτυυ,ῶςπρθς
1802 1736 1820 1774 ις

183 1820 227 1874 μοι
236 1795 373 1875 γεγένηται
382 1799 417 1863 εἰς
427 1794 515 1873 ἐμὲτθι
524 1800 571 1867 τῆς
580 1799 658 1877 ὀργῆς
665 1799 752 1874 ὑμῶν·
763 1787 824 1868 οἷον,
832 1798 879 1854 οὐκ
888 1796 965 1854 ἀνίλ-
1008 1794 1056 1867 τὴν
1068 1800 1161 1866 κτῆσιν
1174 1799 1220 1866 τῆς
1232 1794 1373 1866 θαλάσσης.
1387 1799 1403 1872 §
1414 1795 1490 1863 Τινὲς
1505 1797 1600 1869 κήπων
1615 1799 1678 1870 ἤτοι
1694 1801 1788 1878 γήδιον.

182 1907 263 1943 πιστα
278 1886 313 1951 εἰς
326 1881 373 1961 ἐμὲ
387 1882 421 1942 τὰ
434 1882 552 1964 παρόντα
567 1882 705 1963 γεγένηται
719 1883 879 1960 αἰτιάματα,
897 1882 965 1942 ἀλλὰ
1009 1886 1025 1959 §
1036 1881 1125 1942 Ἄλλοι
1135 1881 1163 1940 δὲ
1176 1882 1206 1941 τὸ
1218 1882 1312 1953 κηπιον
1322 1873 1387 1949 εῖδσς
1401 1893 1496 1963 κουρᾶς
1505 1885 1596 1963 φασίν,
1608 1885 1694 1955 οὕτως
1703 1892 1789 1967 ὄνομα·

182 1971 228 2031 καλ
237 1972 288 2044 ἤδη
300 1968 602 2052 ταῶταπροςδεχομίνιρ,
612 1971 656 2053 ἀρ’
667 1963 696 2028 οὗ
705 1973 829 2046 πολεμεῖν
841 1970 964 2030 συνεύού-
1007 1970 1124 2048 ζομένης.
1139 1968 1209 2029 κατθι
1226 1975 1311 2028 κοινοῖ
1326 1968 1354 2028 δὲ
1371 1969 1402 2027 τὸ
1416 1969 1483 2039 εἰκός
1498 1974 1577 2031 ἐστιν.
1592 2008 1633 2018 -
1650 1973 1754 2036 Ἀλλων
1769 1978 1789 2036 δ’

182 2061 263 2119 λευσα
284 2058 514 2135 Λακεδαιμονίοις,
527 2059 678 2138 γεγένηται·
690 2058 734 2118 καί
755 2060 797 2116 διά
810 2063 886 2117 τοῦτο
902 2082 966 2118 συν·
1009 2054 1202 2139 ὑπακούσασιν]
1215 2055 1273 2116 ἀντί
1289 2062 1335 2115 τοῦ
1347 2056 1446 2124 ἄλλοις.
1463 2098 1498 2108 -
1511 2061 1734 2143 Προςεκτημὲνα]

143 2167 170 2208 νυ
182 2147 280 2226 ἤγαγον
293 2146 445 2219 ἐκκλησίαν,
457 2147 542 2219 ὅπως,
556 2150 590 2214 ὡς
605 2148 652 2205 οὖν.
668 2149 747 2226 ὀρθῶς
761 2144 819 2222 ἐμοὶ
833 2145 965 2224 χαλεπαί-

181 2258 239 2293 νετε
253 2232 271 2305 ἢ
282 2237 339 2301 ταῖς
349 2233 442 2315 τύχαις
454 2233 552 2306 εἴκετε,
565 2233 719 2310 ὑπομνήσω.
734 2268 775 2278 -
786 2233 965 2311 Αἰσθοίνομαι]

182 2325 271 2402 γενικῇ
285 2321 331 2381 καί
346 2325 491 2401 αἰτιατικῇ,
503 2324 594 2387 κοινῶς
606 2321 651 2379 καὶ
662 2321 793 2386 Ἀττικῶς.
805 2341 876 2380 -ε,
892 2320 965 2397 Ἐγὼ
1006 2317 1119 2397 ἔκτημαι
1132 2319 1250 2399 λέγουσιν
1264 2323 1293 2379 οὐ
1308 2318 1448 2398 κέκτημαι.
1463 2324 1576 2382 -Τῶν
1590 2346 1620 2382 τε
1634 2324 1787 2407 πατέρων..

182 2409 233 2490 γὰρ
247 2411 374 2488 ἡγοῦμαι]
395 2408 544 2479 κατασκευὴ
565 2415 608 2467 τοῦ
625 2408 772 2486 προοιμίου.
785 2428 858 2468 -ι,
884 2407 966 2476 Πόλις
1006 2408 1130 2487 ρανῆναι]
1149 2406 1304 2488 μετέρχεται
1322 2408 1366 2465 ἐπὶ
1386 2407 1416 2466 τὸ
1433 2408 1541 2468 δίκαιον.
1563 2455 1596 2466 -
1614 2429 1637 2471 ς.
1659 2410 1788 2497 Αθχημα]

183 2494 230 2572 μὲν
241 2495 287 2563 τὰς
301 2496 366 2563 ἰδίας
379 2495 470 2576 ξυμρ]
486 2494 565 2565 ἰδίας,
579 2500 624 2552 νῦν
638 2494 697 2573 οθχί
716 2497 823 2566 ἑαυτῆς,
838 2495 907 2553 ἀλλά
918 2495 965 2586 ηις
1005 2492 1162 2574 τθρρόνημα
1170 2493 1280 2573 αὔχημα
1287 2495 1525 2555 ἐκάλουν-Ἀπὸ
1533 2497 1649 2573 ἀμαθίας
1657 2502 1789 2580 εὐτυχοῦς]

142 2607 169 2647 τε
182 2583 303 2642 τῶνκαθ’
318 2581 428 2641 ἕκαστον
443 2580 586 2662 ἀνθρώπων
600 2581 762 2662 καίμερικδις
776 2582 966 2661 δυςτυχίας.-
1006 2580 1058 2639 ἀπὸ
1082 2581 1177 2658 ἀλόγου
1200 2582 1330 2660 εὐτυχίας.
1348 2618 1389 2628 -
1413 2583 1616 2663 Καταρρόνησις
1640 2586 1682 2665 δέ]
1709 2589 1788 2648 λείπει

182 2675 250 2739 Ταῖς
263 2671 321 2730 κατ’
336 2663 419 2750 οἰκον]
430 2674 487 2737 ταῖς
500 2673 599 2728 ἑαυτῶν
611 2670 657 2728 καί
669 2675 796 2750 μερικαίς.
808 2707 848 2716 -
859 2675 965 2745 Πεπλη·
1005 2667 1104 2748 ἐκείνῳ.
1118 2698 1148 2709 -
1161 2689 1183 2727 5.
1200 2668 1256 2729 Καὶ
1274 2667 1322 2739 τὴν
1339 2668 1484 2747 τόλμαν...]
1502 2674 1519 2741 ἡ
1530 2669 1664 2744 σύνταξις,
1678 2672 1725 2732 καί
1744 2675 1787 2747 τίμ
1797 2701 1818 2740 ιε

182 2758 284 2838 γμίνοι]
308 2759 526 2842 παραρερόμενοι.
553 2793 594 2804 —-
617 2755 744 2841 Ἀρίεσθε]
770 2761 900 2837 ἀμελεὶτε.
925 2796 965 2807 -
1005 2754 1787 2838 τόλμανὴξύνεσιςπαρίχεταιίκτῆςόμοίαςτύχης.-Ἀπὸ

183 2853 220 2912 Οἳ
231 2852 381 2932 ξυνέγνωτε]
396 2851 538 2931 μετέσχετε
552 2856 599 2924 τῆς
615 2850 793 2933 παραινέσεως
805 2852 961 2930 διαγνόντες,
1005 2846 1056 2901 τῶν
1068 2842 1249 2923 ῖνπαρχύντων]
1266 2844 1318 2902 ἀπὸ
1332 2849 1418 2903 κοινοῦ
1433 2845 1465 2904 τδ
1478 2845 1605 2907 πιστεύει.
1619 2882 1662 2894 ·-
1675 2849 1712 2910 Ἡ
1723 2853 1787 2932 πρό-

155 2942 157 2946 ’
182 2975 222 2986 -
234 2962 255 3000 5.
273 2940 366 3001 Καίτοι
386 2941 444 3019 ἐμοὶ
465 2940 506 3019 ..]
523 2938 723 3020 παραγραρικδν
745 2942 772 2998 ἐν
791 2940 927 3011 δεινότητι.
948 2945 964 3018 §
1005 2928 1073 3012 νννν]
1086 2935 1102 3001 νἰ
1114 2930 1267 3011 πρδγνννενς·

143 3046 170 3088 ³0
183 3030 308 3109 Τεσσαρα
320 3031 374 3101 δεῖ,
387 3025 456 3087 κατά
469 3026 644 3100 Θουκυδίδην,
657 3026 701 3086 τὸν
721 3027 816 3104 ἀγαθὸν
833 3027 903 3107 ἔχειν
916 3028 964 3086 ἀν·
1045 3021 1150 3080 LXIII·
1178 3022 1227 3099 Τῷ
1244 3017 1399 3100 t⁸I¹·‘'³I²²'I¹‘1’I
1419 3021 1537 3101 τῇδῑθῇ
1557 3025 1604 3092 νῆς
1623 3024 1737 3092 πόλεως.
1751 3061 1788 3072 -

183 3116 247 3196 δρα,
261 3120 328 3176 νοεῖν
343 3115 554 3196 μὲντθδίαντα,
591 3116 675 3198 ράζειν
688 3112 715 3174 δὲ
727 3115 850 3174 δύνασθαι
861 3114 895 3174 τθι
908 3140 965 3188 νοη-
1004 3096 1106 3191 ᾯπερ]
1128 3097 1216 3187 δίνεννδ
1237 3109 1276 3187 ’ςῷ
1289 3106 1432 3188 τιμωμένῳ
1451 3113 1497 3180 εῆς
1517 3108 1631 3182 πόλεως,
1651 3109 1742 3171 δδστῑ
1756 3119 1817 3193 1ῇῦ

182 3202 258 3261 θέντα
268 3201 511 3282 καλῶς,φιλύπυλίν
521 3226 549 3261 τε
561 3138 642 3274 εῖναι,
652 3202 696 3260 καί
706 3201 840 3284 τέταρτον,
850 3204 964 3284 κρείσσω
1005 3193 1142 3275 ἡγεμονία.
1155 3191 1266 3260 Ἄλλως·
1282 3198 1315 3272 τῇ
1330 3194 1391 3273 δόξῃ
1406 3199 1453 3266 εῆς
1467 3196 1566 3263 πολεως
1580 3197 1728 3274 διγείλλενεθε
1746 3202 1787 3260 καί

181 3288 336 3370 χρημάτων.
348 3290 379 3349 τὸ
387 3290 568 3371 γὰρ”νικᾶσθαι
576 3289 696 3370 χρήμασι
704 3298 794 3349 πᾶσαν
801 3290 846 3349 καί
859 3291 965 3372 ῥήτορος
1006 3283 1109 3362 βοηθεῖν
1124 3286 1190 3359 ὑμᾶς
1201 3280 1280 3348 εἷκδς·
1293 3315 1334 3328 ’··
1348 3282 1395 3342 Ἐν
1411 3286 1445 3362 τῇ
1465 3283 1548 3362 ἀρχῇ]
1561 3284 1637 3364 ,ὄντες
1660 3285 1785 3359 δηλονότι.

182 3378 227 3438 καί
240 3378 363 3452 πολίτου,
376 3378 421 3438 καὶ
431 3378 533 3438 ἰδιώτου
547 3379 592 3437 καὶ
604 3377 743 3459 ἄρχοντος,
759 3373 853 3460 ἀρετὴν
871 3380 966 3460 ἀφανί-
1005 3405 1040 3414 -·
1054 3369 1226 3449 Ἇπδχδενθῑ]
1240 3370 1293 3436 ενδ(
1312 3369 1400 3437 mm<
1414 3371 1541 3441 δηλννδνῑ·
1555 3397 1587 3409 ““
1606 3391 1629 3432 ³·
1652 3375 1691 3435 (δἱ
1706 3380 1787 3434 ενννῗν·

142 3491 168 3531 ετ
182 3467 228 3535 ζει.
242 3502 282 3512 -
295 3465 416 3547 Τοιούτῳ·
427 3463 511 3548 ἀνδρι]
528 3467 607 3544 ἤγουν
620 3467 737 3546 μεγάλῳ.
747 3503 788 3513 -
799 3466 851 3534 Ὃς
864 3469 965 3536 οὐδενὸς
1004 3459 1056 3534 ννε]
1070 3460 1094 3516 0I
1109 3456 1284 3537 ἀπράγμονες·

182 3553 270 3632 οἴομαι
286 3554 374 3625 ἥσσων
428 3558 588 3634 ἑρμηνεῦσαι
608 3555 703 3632 ταῦτα]
724 3554 859 3635 ῥητορείαν
879 3559 964 3636 ἑαυτῷ
1044 3547 1147 3606 LXIV·
1170 3544 1239 3605 Ὑπδ
1256 3547 1308 3603 τῶν
1329 3546 1436 3605 τννῗννδε
1456 3541 1582 3627 πολιτῶν]
1600 3549 1653 3605 τῶν
1675 3549 1818 3626 GMw-⁸

182 3647 319 3721 μαρτυρεῖ.
332 3676 372 3685 -
386 3661 407 3701 ι.
422 3641 519 3718 Τοῦδε]
533 3645 579 3711 τῆς
590 3639 698 3707 εὐνοίας.
712 3676 753 3686 -
762 3662 785 3701 7.
800 3641 854 3701 Καὶ
866 3640 964 3721 μέσοις]
1004 3631 1130 3691 λευόντων
1141 3632 1171 3692 τὸ
1186 3632 1335 3714 ἄπραγμον.
1348 3668 1389 3678 -
1404 3633 1572 3713 Παράγεσθε]
1592 3635 1740 3696 ἀπατᾶσθε.
1751 3672 1788 3681 -

181 3750 232 3803 μετ
249 3726 301 3794 ι’ως.
315 3763 355 3773 -
369 3729 478 3788 Μᾶλλον
497 3726 602 3809 ἑτέρων]
623 3727 708 3787 λείπει
726 3732 740 3786 ό
759 3726 787 3787 δέ
807 3731 963 3807 σύνδεσμος,
1004 3720 1128 3789 Ἐλπίδος
1146 3723 1278 3802 νρεῖεεθν]
1297 3720 1364 3803 25qu
1384 3722 1488 3782 ἐλπίδα·
1503 3756 1543 3767 ·-
1557 3743 1580 3784 ³·
1601 3722 1787 3804 Ἇναλωκὲναῑ]

180 3812 213 3872 ἵν’
224 3751 258 3892 ί,
272 3815 372 3892 μᾶλλον
383 3813 411 3873 δὲ
421 3813 524 3895 ἑτέρων.
535 3815 631 3882 Μίσως
642 3814 669 3874 δὲ
681 3806 739 3874 εἶπε
750 3816 795 3875 καλ
806 3818 836 3874 οὐ
848 3817 963 3898 σφόδρα,
1004 3808 1073 3868 κατὰ
1087 3815 1172 3868 κοινοῦ
1186 3809 1216 3868 εδ
1230 3814 1321 3890 γνῶτε·
1335 3839 1367 3853 -·
1379 3801 1444 3888 Ἧς]
1458 3810 1488 3869 τδ
1500 3801 1532 3881 ἦς
1550 3810 1615 3891 πρὸς
1628 3811 1677 3884 τὸ,
1699 3813 1787 3890 μνήμη

142 3930 169 3970 ιο
182 3899 225 3960 διὰ
236 3900 266 3960 τὸ
277 3900 406 3984 φορτικόν.
1004 3896 1231 3977 καταλελείψεται.
1250 3897 1284 3954 τὰ
1306 3895 1358 3976 γθιρ
1371 3897 1447 3956 ’ἄλλα
1461 3897 1504 3956 διὰ
1523 3896 1613 3975 μέσου.
1627 3947 1661 3959 ..
1675 3901 1729 3959 Ἦν
1746 3898 1789 3959 καί

220 3990 296 4051 LXI.
318 3980 366 4056 Οἷς
381 3990 429 4067 μὲν
444 3988 553 4071 αἵρεσις]
567 3989 636 4049 κατθι
654 3997 740 4050 κοινοῦ
752 3991 782 4050 τὸ
802 3994 962 4069 πολεμῆσαι.
1003 3992 1047 4043 νῦν
1063 3985 1214 4063 ὑπενδῶμέν
1227 3985 1303 4062 ποτε]
1315 3983 1360 4041 ἐόν
1375 4007 1438 4042 ποτε
1454 3985 1500 4043 καί
1517 3985 1734 4065 ύποχαλαίσωμεν
1746 3985 1787 4045 καί
1798 4000 1819 4040 ιν

181 4075 236 4134 δδί
250 4082 321 4149 νοῦς,
339 4100 417 4157 φησιν
432 4076 471 4135 ότι
486 4076 594 4158 ἀρρονὲς
610 4080 674 4136 εἰσιν
688 4080 712 4137 οἱ
730 4080 755 4136 ἐν
772 4077 879 4159 εὐτυχίᾳ
893 4077 964 4146 ὄντες
1003 4072 1166 4149 πταίσωμεν.
1181 4111 1215 4121 -
1231 4092 1252 4131 ι.
1269 4071 1363 4133 Καίτοι
1377 4073 1504 4149 ταῦτα...]
1518 4077 1585 4152 τρεῖς
1597 4072 1690 4154 κρνεδς
1702 4072 1789 4134 ὑποτί-

181 4163 227 4222 καί
240 4167 364 4241 πολεμεῖν
384 4162 543 4244 αἱρούμενοι.
558 4169 675 4232 -Τοῖς
696 4163 789 4243 πέλας]
805 4167 857 4232 τοῖς
875 4170 964 4225 Λακε-
1003 4167 1076 4221 θεται
1091 4167 1142 4221 τῶν
1156 4162 1329 4243 πραγμάτοιν.
1344 4196 1385 4206 ·-
1400 4181 1422 4222 α.
1438 4162 1477 4222 Τὸ
1493 4161 1641 4242 ἐπίφθονον]
1657 4162 1689 4222 τὸ
1706 4164 1789 4234 ἐπίζη-

181 4251 330 4328 δαιμονίοις.
347 4288 388 4298 -
403 4251 600 4333 Περιγενέσθαι]
615 4258 735 4325 νικῆσαι,
750 4253 793 4311 τὸν
810 4252 901 4333 ἐχθρὸν
917 4254 964 4325 δη-
1003 4253 1057 4310 λον.
1073 4286 1113 4296 -
1127 4251 1211 4316 Μῖσος
1226 4249 1273 4327 μὲν
1285 4249 1336 4330 γθρ
1347 4251 1426 4310 οὐκ...
1443 4248 1558 4328 ἀντέχει]
1571 4249 1709 4309 διαλύεται
1722 4250 1789 4333 γὰρ]

141 4357 167 4397 νυ
181 4337 275 4399 λονότι.
298 4366 328 4376 ·-
348 4361 370 4400 υ.
391 4339 446 4400 Καὶ
464 4341 512 4397 οὐκ
522 4339 678 4420 [ἐξίσταμαι]
699 4331 734 4399 ῶν
755 4339 900 4419 παρῄνεσα.
923 4374 963 4385 —-
1003 4335 1136 4417 θανύτιρῆ
1151 4336 1224 4418 ἀλλιρ
1234 4336 1293 4395 τινί.
1306 4368 1342 4376 -
1355 4357 1378 4397 υ.
1389 4335 1639 4416 Ἐπικηρυκεύεσθε]
1652 4338 1698 4396 διόι
1709 4339 1788 4420 κηρύ-

181 4425 334 4506 Ἀκεραίοις]
357 4426 485 4504 ἀζημίοις.
509 4462 548 4472 -
569 4427 676 4506 Ὀρθόν]
696 4429 792 4498 ἀληθῆ.
815 4465 850 4476 -
870 4425 962 4507 Ἔχει]
1002 4449 1056 4484 κων
1071 4424 1221 4506 ἐκραίνεσθε
1238 4424 1286 4492 τὰς
1302 4423 1396 4504 βαυλθς
1419 4429 1504 4503 ύμῶν.
1519 4461 1559 4471 -
1571 4424 1619 4492 Ὡς
1637 4425 1744 4507 οἵτινες]
1761 4427 1820 4489 τδιε

179 4512 299 4593 παρέχει.
310 4550 351 4560 --
364 4534 387 4575 ς.
407 4514 581 4593 Ἄντιπάλοις]
597 4516 654 4574 ιίντί
670 4520 715 4572 ταῶ
731 4514 796 4582 ἰσοις
809 4515 854 4574 καί
872 4539 961 4594 παρα·
1002 4517 1037 4581 ώς
1049 4514 1106 4571 ἀντὶ
1120 4519 1164 4572 τοῦ
1180 4511 1244 4572 ἐπεί.

180 4601 300 4674 πλησίοις
313 4606 351 4683 τῷ
366 4603 468 4680 μεγέθει
481 4607 528 4674 τῆς
540 4602 649 4668 πολεως.
665 4604 705 4660 δεῖ
718 4601 769 4684 γὰρ
782 4602 846 4684 πρὸς
858 4601 904 4671 τθς
917 4603 963 4662 πό-
1042 4605 1129 4664 LXV.
1152 4602 1214 4661 Ἐπ’
1234 4600 1325 4680 αὐτόν]
1336 4606 1396 4660 κατ’
1418 4604 1508 4662 αὐτοῦ.
1531 4633 1564 4644 -
1584 4600 1643 4673 Τὴν
1668 4601 1788 4688 γνώμην]

179 4681 963 4771 λειςκαλτθρρονήματαεἷναι.-Ὑρίστασθαι]ἀμετακινή-
1003 4688 1046 4748 τὸν
1061 4689 1157 4749 σκοπὸν
1170 4689 1284 4748 ἐκείνοιν.
1296 4720 1331 4730 -
1345 4711 1367 4750 2.
1380 4693 1416 4750 Οἱ
1429 4690 1455 4748 δὲ
1467 4688 1583 4766 δυνατοί]
1593 4692 1617 4746 οἱ
1630 4692 1670 4770 τῷ
1684 4691 1789 4773 πλούτῳ

142 4802 169 4844 w
183 4797 239 4843 τους
252 4767 327 4835 εῖναι.
340 4807 375 4818 -
386 4781 411 4838 Τ
412 4777 444 4849 ἢν
454 4777 571 4856 ἀξίωσιν]
579 4776 609 4836 τὸ
617 4777 737 4854 ἀξίωμα,
749 4777 796 4849 τὴν
806 4779 959 4856 ἡγεμονίαν.
1003 4777 1148 4855 δυνάμενοι.
1163 4812 1204 4823 -
1216 4798 1238 4836 ς.
1259 4779 1423 4858 Προςεδεῖτο]
1445 4777 1537 4858 χρείαν
1557 4768 1623 4856 εἶχε.
1643 4807 1675 4817 ·-
1690 4801 1713 4839 ιν.
1733 4779 1789 4852 Τὴν

179 4896 221 4908 ··-
234 4862 282 4923 Ἐν
300 4863 349 4943 ίσῳ
371 4863 422 4945 γὰρ
443 4869 467 4923 οί
485 4866 659 4946 ἄνθρωποι...]
677 4865 773 4942 ὁμοίοις
790 4869 813 4924 οἱ
831 4866 963 4945 ἄνθρωποι
1004 4867 1125 4945 δύναμιν]
1137 4864 1184 4938 τλν
1196 4865 1272 4945 ἰσχὺν
1284 4871 1329 4924 τοῦ
1341 4865 1465 4944 πολέμου.
1475 4887 1537 4926 -υ,
1552 4865 1672 4925 Ἐπεόίω
1683 4866 1711 4926 δὲ
1723 4867 1788 4946 μετά
1799 4894 1820 4931 ει

181 4949 295 5018 ἀξιοῦσιν
306 4951 509 5020 αἰτιᾶσθαιόςτις
517 4956 542 5012 ἓν
553 4954 673 5034 μαλακία
681 4954 963 5035 ἰλλείπειτῆςένυπαρ-
1003 4952 1033 5011 τδ
1046 4958 1210 5025 καταστῆναι
1231 4954 1275 5011 τὸν
1298 4953 1423 5030 πόλεμον.
1439 4951 1517 5012 ..Ἡ
1532 4950 1642 5033 πρόνοια
1664 4956 1787 5026 αὖτυῦ1ι]

180 5035 279 5115 χούσης
291 5037 380 5118 δόξης,
396 5040 441 5098 καλ
458 5041 543 5117 μισεῖν
554 5041 598 5099 τὸν
609 5045 636 5100 ἐν
648 5039 791 5122 θρασύτητι
809 5041 962 5122 ὀρεγόμενον
1003 5040 1157 5122 πρόγνωσις.
1174 5088 1205 5100 -
1223 5062 1244 5102 7.
1265 5041 1481 5122 Κατορθούμενα]
1499 5043 1534 5107 εἰς
1553 5038 1628 5106 τέλος
1645 5041 1787 5121 ἐρχόμενα.

180 5127 228 5196 τῆς
236 5124 274 5201 μθ
285 5127 471 5207 πραςτμούσης.
481 5164 522 5176 -
532 5127 760 5210 Ἀπαλγιὶσαντας]
771 5129 826 5189 ἀπὸ
834 5134 921 5189 κοινοῦ
933 5129 963 5189 εδ
1003 5165 1042 5176 -
1054 5131 1117 5198 Τοῖς
1131 5129 1257 5209 ἰδιώταις]
1271 5129 1376 5197 ἰδιώτας
1388 5131 1463 5188 καλεῖ
1476 5125 1534 5194 τοὺς
1547 5125 1658 5207 ῥήτορας
1673 5130 1722 5189 καὶ
1734 5130 1788 5197 ταλς

1068 2199 1109 2247 καὶ
1117 2201 1186 2246 τούτο
1198 2199 1267 2260 γνῶθι
1278 2202 1320 2246 τοῦ
1332 2197 1419 2262 τρόπου
1428 2202 1469 2258 τῆς
1477 2198 1588 2260 Ἀτθίδος,
1799 2220 1819 2260 n
