3676 5828
589 315 782 378 ursronrm
803 315 875 376 urs.
888 316 942 395 ιν,
963 328 1000 380 os
1014 350 1055 363 -
1069 327 1132 380 ιιι.
1609 317 1667 395 ἰιι

53 450 116 519 τοῦς
133 448 185 531 μίν
204 448 362 510 ἂιτίκτειναν
379 447 438 516 τοὺς
458 446 486 509 δὲ
507 449 604 518 ζῶντας
619 446 725 510 ἔλαθον.
765 450 840 530 'spn-
884 456 1136 520 subsunt,etaomm
1144 459 1538 524 aliosinteriaeerunt,aliosviros
1547 474 1669 532 ceperunt.

53 544 135 601 καῖον
144 539 174 599 dl
181 538 325 612 στήσαντες
333 535 392 604 τοῦς
400 535 504 617 νεκρούς
512 533 689 604 ὑποσπόνδους
698 534 840 597 ἀπέδοσαν.
884 546 915 594 Et
924 548 1015 608 tropaeo
1025 550 1106 597 erecto
1117 560 1194 598 sessos
1203 550 1256 599 suis
1267 563 1326 613 pase
1336 558 1460 615 sequestra
1471 554 1636 607 reddiderunt,

97 630 131 707 (ε)
153 625 279 688 Ἀπίθανι
299 624 327 685 δί
341 625 386 684 καὶ
407 622 542 695 Σιτοίλκης
562 622 698 705 Ὀδρυσῶν
719 619 841 704 βασιλεὺς
916 632 951 695 (5)
962 633 1012 684 Sub
1023 634 1121 686 eosdem
1135 635 1201 698 dies,
1209 637 1297 700 quibus
1308 651 1347 688 res
1359 638 1390 688 ad
1402 640 1498 692 Delium
1509 648 1584 705 gmsae
1597 650 1668 710 suns,

57 716 109 776 θιεθ
121 715 170 785 ede
181 712 263 782 αὐτὰς
273 713 373 796 ἡμέρας
382 713 436 780 τοῖς
447 711 491 771 ἐπὶ
503 710 607 793 Δηλίῳ,
620 709 782 794 στρατεύσας
796 710 841 769 ἐπὶ
885 720 985 771 Sitalces
996 722 1069 772 eham
1086 723 1236 786 Odrysarum
1251 738 1305 788 rer,
1317 740 1393 789 quum
1408 728 1498 780 bellum
1512 732 1623 783 Triballis
1633 735 1665 783 iu·

58 802 225 885 Τριῦαλλοδς
237 802 284 861 καί
294 800 406 873 νικηθείς
420 799 505 881 μάχῃ.
547 798 646 871 Σεύθης
660 797 688 858 δὲ
703 801 717 857 δ
730 803 842 879 Σπαρα-
885 808 995 870 tulisset,
1014 814 1039 860 et
1057 811 1142 874 proelio
1157 813 1236 862 victus
1250 820 1328 876 esset,
1342 817 1446 866 sroessit
1462 818 1523 867 vita.
1565 822 1669 872 sentires

62 891 135 953 δίκαι
156 893 310 973 ἀδελφιδοῦς
326 888 363 948 ῶν
380 891 459 947 αὐτοῦ
476 886 645 946 ίύασίλευσεν
663 886 799 969 Ὀδρυσῶν
813 908 842 943 τε
885 909 943 946 raro
964 898 1093 960 Sparadoci
1112 901 1192 963 tilius,
1214 901 1256 964 qui
1276 907 1327 953 erat
1344 904 1421 967 ipsius
1438 918 1467 955 er
1484 906 1557 958 fratre
1575 922 1668 973 nepos,

64 980 106 1041 ἰοί
118 986 165 1055 τῆς
179 981 262 1052 ἄλλης
275 977 385 1059 Θρᾴκης
399 969 485 1058 ἧσπερ
498 976 544 1035 καί
558 979 662 1042 ἐκεῖνος.
887 985 1051 1048 Odrysarum,
1067 992 1092 1038 et
1110 994 1196 1040 oeterni
1214 991 1336 1053 Thraciae,
1356 1005 1397 1043 our
1415 999 1440 1043 et
1455 993 1495 1045 llle
1509 995 1670 1059 imperaverat

100 1072 161 1133 cll.
181 1072 239 1131 Τοῦ
259 1067 282 1126 δ’
303 1069 382 1126 αὐτοῦ
397 1068 525 1146 χειμῶνος
544 1063 676 1142 Βρασίδας
697 1063 765 1143 ἔχων
783 1061 843 1130 τοὺς
886 1075 1107 1137 regnnmobtinuit.

72 1156 107 1217 lsi
117 1157 227 1240 Θρῴιης
240 1154 393 1234 ξυμμάχους
405 1152 574 1233 ἐστράτευσεν
586 1155 612 1218 ἐς
626 1151 779 1233 Ἀμρίπολιν
794 1149 842 1222 τὴν
919 1165 969 1212 cll.
987 1163 1076 1213 Eadem
1086 1164 1164 1215 bieme
1176 1166 1288 1217 Brasidas
1296 1180 1353 1218 eum
1362 1169 1448 1231 sociis,
1460 1184 1522 1234 quos
1531 1172 1634 1224 babebat
1645 1173 1670 1224 in

75 1245 247 1328 ίτίΣτρυμύνι
258 1267 371 1322 ποταμω
384 1240 524 1314 Ἀθηναίων
534 1239 666 1301 ἀποικίαν.
714 1241 752 1317 (ν)
763 1239 803 1300 Τὸ
816 1236 843 1297 δὲ
887 1250 1001 1315 Thracia,
1018 1252 1153 1316 Amphipoli
1171 1253 1202 1303 ad
1221 1258 1373 1318 Strymonem
1389 1258 1488 1308 durium
1510 1261 1579 1323 sitae,
1597 1263 1670 1314 Athe·

77 1335 156 1417 χοιρίον
175 1339 252 1393 τοῦτο
269 1332 310 1414 ἐρ’
328 1324 360 1391 ού
376 1335 420 1389 νῦν
437 1333 455 1402 ἡ
474 1327 549 1396 πύλις
568 1329 637 1386 ἐστίν
657 1327 776 1409 ἐπείρασε
796 1326 843 1405 μὲν
887 1339 1006 1389 niensium
1016 1341 1230 1403 roloniae,bellum
1240 1345 1328 1394 intulit.
1360 1338 1566 1409 (alliuueautem
1580 1351 1670 1413 losum,

82 1422 186 1505 σρίτιρσν
197 1421 244 1481 καὶ
254 1418 438 1501 Ἀρισταγόρας
450 1420 464 1476 δ
476 1416 605 1488 Μιλήσιος
616 1415 718 1497 ρεύγων
732 1415 843 1496 βασιλέα
887 1427 912 1476 in
928 1441 976 1491 quo
988 1442 1053 1479 nuuc
1064 1430 1122 1480 urbs
1135 1435 1173 1481 est
1184 1431 1246 1492 sita,
1258 1433 1363 1496 primum
1375 1434 1472 1497 quidem
1484 1440 1508 1486 et
1520 1438 1671 1499 Aristagoras

85 1512 171 1592 θσριῖον
189 1508 339 1569 κατοικίσαι
362 1508 431 1566 ἀλλὰ
454 1505 505 1565 berb
529 1503 653 1566 ’Βδώνων
675 1503 843 1586 ἐξεκρούσθη,
887 1516 1006 1577 lllilesius,
1027 1532 1103 1580 quum
1117 1532 1195 1580 regem
1214 1523 1320 1570 Dareum
1336 1522 1440 1584 lugeret,
1459 1523 1552 1573 colonia
1567 1525 1671 1578 deducta

89 1597 201 1657 ίτιιταδὲ
224 1595 462 1666 alethensis
485 1593 554 1652 ἔτεσι
574 1591 620 1652 δύο
639 1591 684 1652 καὶ
703 1591 843 1674 τριάκοντα
888 1604 990 1654 oondere
1009 1606 1149 1668 temptavit,
1171 1607 1214 1658 sed
1229 1608 1260 1657 ab
1276 1608 1366 1660 Edonis
1381 1612 1498 1675 expulsus
1513 1617 1564 1673 est;
1582 1613 1671 1667 deinde

10 1750 13 1759 ,
90 1684 311 1766 hispaniensium
324 1683 429 1763 μυρίους
444 1685 557 1764 σρῶντε
573 1681 718 1740 αὐτῶνκαὶ
731 1685 783 1739 τῶν
796 1681 844 1739 σίλ-
887 1705 946 1742 vero
956 1697 979 1742 et
992 1694 1149 1744 Athenienses
1160 1695 1257 1746 duobus
1267 1702 1291 1747 et
1304 1698 1398 1759 triginta
1412 1704 1467 1762 post
1477 1701 1546 1751 anuis
1558 1702 1606 1752 huo
1615 1703 1671 1755 mis·

91 1774 129 1830 ’νινν
145 1774 183 1832 τθν
208 1772 365 1854 βουλόμενον
389 1769 553 1851 πέμψαντες,
580 1768 604 1828 οἳ
629 1768 803 1851 διερθοίρηοαν
817 1771 843 1827 ἐν
888 1781 922 1830 sis
936 1781 1019 1830 desem
1033 1781 1139 1832 millibus
1156 1783 1302 1846 ineolamm,
1316 1790 1543 1838 tumsnorurntunr
1556 1790 1672 1854 aliorum,

94 1860 214 1943 θροίήσκῳ
232 1861 284 1919 tsi
297 1862 421 1942 Θρρκῶν.
471 1860 513 1937 (a)
529 1857 584 1918 Καὶ
602 1849 674 1924 αὖθις
692 1856 747 1924 ἑνδς
761 1856 843 1915 δέοντι
888 1874 1005 1932 quotquot
1016 1870 1051 1919 ire
1062 1871 1201 1932 voluerant,
1216 1872 1259 1934 qui
1274 1872 1339 1937 apud
1349 1874 1525 1927 Drabescuma
1538 1878 1672 1930 Thracibus

95 1948 269 2031 τριακοστῷίτει
277 1947 390 2014 ἐλθόντες
402 1950 425 2006 οἱ
435 1945 718 2023 Ἀθηναῖοι,’Ἀγνωνος
732 1951 777 2003 τοῦ
791 1948 843 2005 Νι·
889 1957 1081 2007 interlealisnnt.
1115 1959 1149 2021 (3)
1162 1961 1255 2009 Rursus
1267 1962 1338 2011 etiam
1351 1964 1509 2015 Athenienses
1519 1965 1673 2018 undetricesi-

96 2035 136 2097 τίνι
143 2041 244 2098 οίκιστοῦ
255 2034 453 2117 ἐκπεμρθέντος,
466 2035 585 2100 Ἢδῶνας
599 2032 765 2100 ἐξελάσαντες
776 2030 845 2091 ἔκτι-
888 2057 929 2093 mo
934 2045 1133 2108 annoeoproieeti
1141 2049 1256 2109 llagnone
1263 2048 1392 2097 Niciaedlio
1398 2049 1496 2099 coloniae
1506 2050 1567 2102 dues
1574 2053 1672 2116 emisso,

98 2125 268 2208 aethyopiae
280 2129 369 2195 τοῦτο,
383 2121 448 2203 ὅπερ
466 2122 591 2204 πρότερον
606 2119 700 2181 ’lireio
715 2119 769 2178 ὁδοί
783 2122 845 2178 ἐκα-
889 2132 995 2194 expulsis
1012 2133 1101 2183 Edonis
1117 2134 1179 2183 hano
1193 2135 1278 2184 urbem
1292 2136 1464 2199 condiderunt,
1479 2151 1535 2200 qum
1547 2139 1614 2201 prim
1627 2143 1672 2190 llo·

98 2195 191 2273 tems
211 2215 246 2291 (ι)
266 2211 406 2292 Ὣρμῶντο
423 2210 451 2268 δὲ
470 2212 499 2268 ἐκ
516 2213 563 2279 τῆς
582 2206 700 2279 Ἠιόνος,
720 2207 752 2278 ἣν
771 2206 845 2266 αὐτοὶ
889 2233 944 2269 vem
957 2220 1003 2269 vim
1015 2221 1169 2270 vocabantur.
1202 2222 1236 2283 (1)
1248 2222 1324 2271 Elone
1335 2226 1415 2272 autem
1429 2227 1455 2272 nt
1466 2223 1522 2274 belli
1533 2224 1592 2274 sede
1603 2225 1672 2290 proil-

99 2288 148 2379 ιλριν
156 2299 273 2381 ίμπύριον
283 2298 327 2357 tri
338 2301 375 2378 τῷ
387 2295 499 2374 στόματι
510 2301 557 2354 τοῦ
568 2301 691 2372 ποταμοῦ
702 2293 846 2353 turbetis·
889 2307 1048 2373 ciscebautur,
1061 2322 1134 2371 quam
1146 2310 1192 2372 ipsi
1203 2310 1490 2373 maritimumemporium
1502 2311 1526 2361 in
1538 2312 1674 2363 lioviiostlo

100 2406 144 2459 ονν,
157 2387 226 2447 τίνοι
243 2384 291 2445 καὶ
310 2383 392 2444 εἴκοσι
411 2381 532 2449 σταδίους
552 2380 651 2461 ἀπέχον
666 2380 718 2439 ἀπὸ
737 2385 784 2452 τῆς
801 2385 845 2438 νῦν
890 2395 964 2444 situm
976 2397 1101 2458 tenebant,
1113 2397 1218 2460 quinque
1230 2397 1348 2459 erripuit
1363 2396 1447 2448 suum
1459 2397 1673 2462 susurratori»,

100 2471 182 2547 πίλως,
204 2475 237 2547 ἣν
263 2471 418 2554 Ἀμρίπολιν
440 2469 542 2549 Ἅγνων
566 2469 718 2548 ὠνόμασεν,
742 2467 781 2527 ὅτι
804 2469 845 2528 ἐπ’
890 2489 1149 2549 quaenuncest,quam
1157 2485 1668 2550 HagnoroeavitAmphipolin,quodquum

10 2608 12 2616 .
102 2559 203 2644 ίρρύιιρα
218 2560 397 2643 περιρρέοντος
410 2564 455 2617 τοῦ
472 2556 636 2639 Στρυμόνος,
655 2556 698 2615 διὰ
711 2555 741 2615 τὸ
754 2556 847 2637 περιέ·
890 2572 1674 2639 aStrymonealluereturabutroquohtsre,murolongoallurlo

101 2666 140 2726 χον
152 2649 232 2723 sitris,
253 2648 337 2729 τείχει
357 2651 450 2729 μακρῷ
468 2644 611 2705 ύπολοῑύὼν
633 2648 663 2704 ἔκ
681 2650 803 2722 ποταμοῦ
821 2646 847 2711 ἐς
890 2659 1117 2722 adduviumduato,
1126 2661 1314 2724 quiaabootota
1321 2661 1468 2724 cingebatur,
1475 2663 1672 2728 circumseptam,

102 2737 188 2816 οοορὸν
207 2741 338 2820 περιφανῆ
359 2733 537 2804 teatinensis
558 2757 587 2793 τε
607 2732 653 2792 καὶ
672 2731 720 2804 rb
738 2732 846 2813 ἤπειρον
890 2753 915 2799 ει
926 2748 1031 2799 numne
1042 2749 1529 2815 versaretadoenttnentemeompieusm
1536 2751 1653 2802 eonardo.

10 2900 13 2983 ἶ
106 2880 182 2977 ιίῖΙίί.
201 2913 265 2975 Ἐπί
281 2912 379 2984 ταύτην
393 2902 437 2970 σύν
450 2912 464 2968 δ
479 2908 611 2992 Βρασίδας
629 2907 694 2990 ἄρος
709 2908 736 2978 ἔξ
751 2909 847 2990 Ἆρυῶν
922 2926 985 2975 clll.
1001 2923 1122 2973 Adversus
1145 2924 1207 2973 hano
1235 2924 1307 2987 igitur
1324 2926 1436 2976 Brasidas
1454 2927 1540 2977 castris
1556 2941 1586 2978 er
1603 2929 1674 2980 Aruis

11 2996 15 3071 ί
101 2997 483 3081 ἦείσλκιδικῆςίπορούοτοέῷ
494 3001 608 3080 στρατῷ.
653 2996 847 3078 Καλᾶρικύμε-
891 3013 940 3075 egri
958 3011 1407 3064 clraleidensiaurbemotisoumsois
1422 3014 1674 3078 copiisprohcisoeba·

101 3090 190 3173 υττερδ
207 3090 294 3162 δείλην
315 3087 359 3148 ἐπὶ
376 3087 420 3147 τδν
441 3089 553 3146 Αὐλῶνα
567 3084 614 3144 καί
628 3083 776 3166 Βρομίσκον
794 3079 846 3162 ᾔή
893 3105 939 3149 tur.
970 3103 1001 3149 Et
1016 3099 1165 3162 quumoiroa
1181 3099 1238 3149 solis
1251 3100 1408 3150 ocessumad
1423 3101 1540 3151 Anionem
1553 3103 1674 3164 persenis·

101 3171 164 3250 δίλίη
173 3178 251 3258 λίμνη
267 3176 363 3248 ἐξίησιν
381 3178 407 3243 ἐς
424 3175 568 3247 θάλασσαν,
586 3172 630 3232 καὶ
647 3172 849 3244 δειπνοποιησα-
892 3193 929 3238 set
939 3187 1128 3247 etlirnmisnum,
1139 3200 1187 3250 qua
1198 3187 1272 3237 Bolbe
1288 3193 1400 3249 stagnum
1414 3189 1519 3239 inruere
1534 3189 1673 3253 ingreditur,

10 3294 18 3315 ι
99 3267 250 3350 ρουςὲρῶρει
263 3266 312 3338 τὴν
327 3265 418 3324 νύκτα.
461 3265 493 3343 (2)
510 3260 619 3340 Χειμδνν
637 3260 664 3320 δὲ
680 3252 712 3332 ἦν
727 3261 771 3320 καὶ
786 3261 849 3319 ύπέ-
891 3278 999 3323 conatus
1014 3279 1086 3323 noctu
1102 3275 1137 3324 ire
1152 3275 1272 3337 pergebat.
1311 3275 1451 3337 (tlcoelnm
1466 3280 1547 3327 autem
1563 3280 1673 3327 erattur·

10 3370 19 3396 ·'
98 3370 165 3434 πορτι-
175 3337 193 3428 ί
205 3354 250 3414 καί
265 3355 365 3432 μᾶλλον
379 3350 500 3433 ῶρμησε,
517 3349 672 3431 βουλόμενος
686 3352 776 3408 λαθεῖν
790 3348 849 3416 τοὺς
892 3361 1024 3421 bidum,et
1033 3361 1190 3422 subningebat
1195 3378 1202 3421 ;
1212 3376 1261 3425 quo
1270 3363 1341 3412 eliam
1347 3362 1469 3411 lubentius
1478 3362 1523 3412 iter
1533 3363 1598 3425 lecit,
1608 3364 1673 3427 quod

10 3442 20 3471 ⁵''
97 3436 151 3514 θτῆ
165 3422 316 3524 Ἀμριπύλει
329 3439 399 3512 πλὴν
416 3444 468 3499 τῶν
484 3437 668 3520 προδιδόντων.
713 3439 744 3514 (a)
758 3427 848 3497 Ἦσαν
892 3450 998 3512 eos,qui
1010 3449 1144 3512 Amphipoli
1156 3455 1224 3499 eraut
1231 3485 1238 3510 ‚
1251 3454 1336 3512 praeter
1348 3449 1497 3512 proditores,
1511 3449 1585 3501 latere
1593 3451 1673 3503 vellet.

10 3513 17 3543 ί
94 3508 264 3613 (ύρἈργιλίων
275 3553 304 3589 τε
315 3531 342 3588 ἐν
352 3531 418 3608 αὐτῇ
431 3525 562 3607 οίκῆτορες
578 3525 638 3604 (εἶσί
650 3523 677 3584 δὲ
689 3528 713 3583 οἱ
725 3524 848 3603 Ἀργίλιοι
893 3537 926 3599 (3)
940 3540 999 3585 Nam
1012 3537 1076 3586 inea
1091 3542 1245 3599 erantquum
1254 3536 1396 3598 Argiliorum
1411 3537 1519 3587 nonnulli
1536 3538 1613 3588 ooloni
1626 3541 1675 3601 (Ar

92 3612 191 3699 Ἀνδρίων
206 3618 319 3694 ἄποικοι)
337 3616 382 3676 καί
395 3616 470 3674 ἄλλοι
482 3613 507 3674 οἲ
522 3612 697 3693 ξυνέπρασσον
711 3617 810 3683 ταῦτα,
825 3615 849 3670 οί
893 3622 940 3683 gilii
948 3626 1028 3671 autern
1039 3626 1095 3671 sunl
1105 3621 1250 3672 Andriorum
1259 3622 1363 3684 coloni),
1373 3623 1504 3673 tumetium
1514 3623 1567 3685 ulii,
1576 3626 1676 3688 quipro

87 3701 702 3786 (οίνΠερδίκκσρπειθίμενοι,οίδὲΧαλκιδεῦσιν.
746 3701 777 3777 (ι)
792 3699 849 3759 Μαί·
893 3709 1675 3775 ditionishuJuserantsociipertimquidemePerdiooa,partim

84 3789 148 3853 λιστα
164 3793 192 3852 δὲ
209 3796 234 3852 oi
248 3792 370 3873 Ἀργίλιοι
388 3789 463 3869 ἐγγύς
482 3813 511 3849 τε
533 3793 730 3870 προσοικοῦντες
744 3787 789 3845 καὶ
808 3785 849 3844 σἰεί
893 3796 1288 3847 veroaclraleidensibusinducti.
1323 3797 1356 3860 (1)
1365 3797 1412 3848 Sed
1421 3799 1574 3862 potissimum
1584 3800 1674 3863 Argitis

81 3901 134 3941 ποτε
145 3885 198 3947 τοῖς
211 3878 353 3952 Ἀθηναίοις
371 3878 441 3945 ὄντες
454 3877 566 3936 ύποπτοι
580 3875 625 3934 καί
640 3873 850 3940 ἐπιύουλεύσντες
893 3886 933 3949 qui
945 3890 970 3935 et
981 3886 1089 3949 proxime
1104 3885 1259 3945 babitabant,
1271 3889 1296 3934 et
1307 3885 1492 3936 Atheniensibus
1503 3900 1598 3950 semper
1607 3893 1676 3938 eraut

78 3967 224 4050 τοῦχωρίου,
243 3965 333 4037 ἐπειδὴ
353 3964 501 4047 παρέσυρεν
522 3968 536 4022 ὁ
554 3963 644 4044 καιρὸς
660 3959 850 4042 nullipendas
894 3957 1047 4033 suspeeti,et
1057 3970 1112 4018 huie
1121 3969 1174 4019 urbi
1188 3969 1481 4033 insidiantes,poslquanr
1494 3973 1587 4022 occasio
1595 3973 1676 4024 oblata

75 4025 156 4129 ἦλθεν,
169 4028 284 4136 ἔπραξάν
296 4076 325 4112 τα
338 4056 368 4112 ἐκ
380 4033 498 4121 πλείονος
510 4051 574 4134 πρὸς
588 4048 646 4118 τοὺς
662 4047 849 4128 ἐμπολιτεύον-
893 4062 931 4107 est
942 4061 967 4107 et
977 4057 1088 4108 Brasidas
1097 4057 1209 4118 advenit,
1221 4060 1246 4106 et
1259 4057 1335 4106 multo
1344 4062 1399 4107 ante
1407 4057 1456 4119 jam
1467 4064 1567 4121 ogerum
1578 4073 1633 4109 oum
1644 4060 1675 4111 iis

72 4164 116 4209 τας
132 4145 206 4223 σρῶν
228 4143 283 4199 ἐκεῖ
300 4137 371 4206 ὅπως
391 4140 557 4211 ἐνδοθήσεται
578 4143 593 4210 ί(
613 4137 703 4207 πύλις,
723 4136 769 4195 καὶ
791 4135 849 4195 τότε
893 4158 922 4194 ex
936 4158 970 4205 se,
979 4145 1020 4208 qui
1030 4145 1078 4193 illic
1089 4145 1154 4194 aives
1166 4147 1247 4206 erant,
1260 4148 1287 4193 ul
1296 4144 1354 4193 urbs
1364 4144 1499 4204 dederetur,
1511 4150 1536 4194 et
1546 4151 1602 4195 luno
1613 4146 1676 4198 urbe

70 4227 204 4307 δεξάμενοι
222 4227 300 4286 αθτδν
320 4230 354 4307 τῇ
373 4225 448 4284 πολει
469 4226 514 4284 καὶ
531 4225 690 4290 ἀποστάντες
708 4227 760 4282 τῶν
776 4224 849 4295 Ἀθη·
893 4246 949 4283 eum
961 4235 1110 4295 receperunt,
1124 4236 1148 4281 et
1163 4231 1203 4279 illa
1220 4236 1290 4281 noete
1306 4230 1437 4281 delectione
1448 4231 1479 4280 ab
1489 4232 1675 4285 Atheniensibus

68 4316 148 4377 ναίων
164 4314 382 4388 ἐκείνητῆνυκτὶ
393 4311 558 4384 κατέστησαν
570 4311 614 4369 τὸν
627 4310 738 4391 στρατὸν
751 4310 801 4389 πρὸ
815 4309 850 4368 ἔον
894 4319 1085 4381 lacta‚Brssidae
1101 4319 1181 4381 oopias
1197 4318 1228 4367 ad
1245 4318 1418 4381 duviipontem
1434 4318 1592 4369 deduxerunt.
1625 4321 1674 4384 (b)

67 4404 113 4465 ίπλ
123 4403 173 4476 τὴν
183 4380 297 4484 γίρύρσίν
310 4408 357 4460 τοῦ
371 4404 503 4478 ποταμοῦ.
547 4400 580 4476 (ε)
598 4396 703 4477 Ἀπέχει
716 4396 742 4454 δὲ
758 4397 788 4455 τὸ
801 4397 850 4455 πό-
893 4407 957 4457 Urbs
968 4412 1048 4456 autem
1063 4406 1119 4456 inde
1130 4407 1204 4455 distat
1212 4406 1324 4468 amplius,
1337 4420 1408 4469 quam
1420 4406 1543 4467 transitus,
1556 4420 1599 4457 nso
1610 4408 1674 4459 muri

65 4496 151 4570 λισμα
161 4490 243 4549 πλίον
252 4495 299 4562 τῆς
306 4489 463 4563 διαύύοεοις,
472 4487 518 4546 καί
525 4489 554 4545 ού
564 4490 668 4545 καθεῖτο
675 4485 749 4565 τείχη
760 4483 849 4568 ὥσπερ
894 4499 960 4544 erant
971 4507 1000 4543 eo
1010 4493 1119 4554 dedereti,
1131 4492 1334 4556 quemadmodum
1345 4507 1423 4555 nnnc,
1436 4492 1479 4543 sed
1490 4493 1610 4557 quoddam
1624 4508 1674 4545 mo

65 4586 124 4653 νῦν,
141 4577 248 4660 φυλακὴ
260 4577 289 4637 δί
302 4602 342 4645 τις
359 4577 473 4657 βραχεῖα
486 4573 659 4645 καθειστήκει·
674 4573 707 4645 ἣν
725 4572 852 4651 βιασαίμε-
894 4582 975 4631 dicum
984 4580 1122 4644 prnstdium
1132 4581 1166 4630 ibi
1175 4580 1317 4630 collocatum
1327 4584 1386 4629 erat.
1397 4581 1468 4639 Quod
1476 4594 1531 4629 oum
1541 4580 1608 4631 ianile
1619 4584 1675 4632 Bra·

65 4665 217 4749 νοςραδίοις
229 4670 244 4724 δ
257 4666 390 4747 Βρασίδας
405 4644 463 4741 ἅμα
478 4662 526 4740 μὲν
541 4666 587 4733 τῆς
604 4659 744 4741 προδοσίας
758 4659 849 4734 οὔσης,
895 4669 960 4718 sidae
980 4667 1136 4731 reppulisset,
1156 4668 1229 4717 simul
1247 4666 1400 4729 proditionis,
1420 4667 1491 4717 sunni
1511 4669 1674 4732 tempestatis,

66 4756 127 4836 ἅμα
138 4728 169 4814 δλ
182 4752 229 4812 καί
239 4756 367 4832 χειμῶνος
380 4751 453 4818 ὄντος
466 4750 511 4810 καλ
525 4748 719 4830 ἀπροσδόκητος
730 4770 850 4829 προσπε-
894 4757 966 4806 simul
976 4756 1048 4805 etiam
1060 4755 1177 4805 adventus
1189 4753 1304 4817 repentini
1316 4753 1446 4816 beneficio,
1458 4759 1555 4817 pontem
1567 4755 1675 4818 ῑεασσῶῑ,

64 4842 132 4917 σύν,
143 4840 219 4913 διίύη
231 4821 279 4912 τίην
290 4840 413 4922 ηέρυραν,
424 4839 470 4898 καί
483 4835 517 4895 τδι
531 4837 581 4905 ἔξω
592 4840 644 4894 τῶν
659 4836 851 4916 Ἀμφιπολιτῶν
895 4849 919 4892 et
926 4842 1172 4906 Amphipolitanorum
1181 4855 1227 4902 res,
1235 4854 1289 4904 quae
1296 4844 1363 4890 extra
1373 4840 1457 4890 urbem
1467 4844 1591 4904 srani,per
1599 4845 1675 4893 totam

63 4930 210 4994 οἰκούντων
223 4926 292 4987 κατὰ
303 4938 357 4986 πᾶν
372 4926 403 4986 τδ
417 4924 514 5006 χωρίον
529 4922 601 4991 εὐθὺς
617 4914 696 5002 εἶχεν.
895 4930 959 4979 illam
970 4930 1090 4991 regionem
1100 4929 1181 4977 statim
1194 4930 1218 4978 iu
1229 4942 1298 4978 suam
1309 4931 1451 4991 potestatem
1462 4926 1559 4989 redegit

107 5019 185 5081 clv.
205 5019 262 5088 Τῆς
279 5015 307 5074 δὲ
323 5013 469 5081 διαύσίσιιος
480 5015 558 5071 αὐτοῦ
570 5011 641 5092 ἅρνω
651 5012 704 5077 τοῖς
715 5012 786 5090 ἐντῇ
803 5008 851 5067 πό·
927 5021 991 5068 clv.
1008 5016 1236 5078 Quumautemejus
1246 5015 1432 5077 transitusillis,
1441 5015 1483 5079 qui
1495 5016 1519 5064 in
1529 5016 1588 5066 urbe
1599 5022 1675 5079 aaut,

65 5109 110 5167 λιι
124 5101 317 5187 γεγενημένης,
337 5099 383 5161 καὶ
396 5103 448 5160 τῶν
461 5097 511 5168 ἔξω
525 5100 630 5159 πολλῶν
646 5097 693 5176 μὲν
705 5094 849 5176 ἁλισκομέ-
895 5105 974 5158 subito
985 5103 1125 5168 accidisset,
1136 5111 1162 5156 et
1177 5116 1269 5167 eourm,
1282 5103 1325 5167 qui
1342 5107 1411 5154 extra
1427 5107 1508 5166 mant,
1523 5103 1593 5154 multi
1606 5116 1673 5168 sape
