3676 5828
759 331 932 394 senem.
944 332 987 405 11,
1003 342 1039 393 ³⁸
1049 365 1090 379 -
1100 343 1147 399 40.
1712 339 1748 394 45

151 440 334 519 κεδαιμονίων,
343 437 387 506 οθς
399 441 546 519 Λυκοῦργος
556 436 668 518 ἔγραψε,
680 436 862 516 μιμησάμενος
873 435 932 505 τούς
974 473 1014 483 -
1022 438 1076 499 Καί
1083 436 1206 510 ἀπάταις]
1216 437 1261 498 καί
1269 443 1354 497 ταῦτα
1367 438 1431 520 πρδς
1443 441 1664 517 Λακεδαιμονίους
1675 443 1753 503 αἰνίτ·

153 534 265 610 Κρητῶν
283 528 330 586 καί
355 525 504 605 Αἰγυπτίων
528 525 630 604 νόμους.
651 524 697 582 καί
716 529 767 584 τῶν
787 524 874 584 ἀλλων
896 523 930 583 τόι
974 525 1095 598 τεται,οἰ
1104 526 1134 584 τό
1145 525 1223 584 πλέον
1236 525 1325 606 ἀπάτη
1338 527 1383 587 καί
1396 528 1502 609 γοητείᾳ
1510 528 1616 606 γνώμης
1624 529 1752 611 ἐκράτουν

141 617 234 677 πλείω
247 616 311 695 πρὸς
323 612 550 692 Λακεδαιμονίους.
561 648 601 658 -
609 610 716 689 Ὀνομα
734 611 824 690 μέν...]
841 611 929 684 έπειδή
974 616 1000 673 έν
1011 614 1063 680 τοῖς
1072 616 1231 690 πολεμικοῖς.
1242 649 1282 660 —
1291 613 1375 681 Εὐθύς
1384 614 1436 675 νέοι
1445 614 1524 688 ὄντες]
1535 616 1581 675 καί
1591 622 1675 676 ταῦτα
1689 618 1753 700 πρός

152 708 250 788 φαῦλον
271 706 370 773 δοκεῖή
391 700 569 782 δημοκρατία,
589 700 635 760 καί
655 704 703 782 δρᾷ
726 699 785 767 τούς
802 698 931 766 Λάκωνας
976 699 1207 778 Λακεδαιμονίους.
1228 703 1319 760 ἐκεῖνοι
1337 701 1389 782 γάρ
1409 702 1461 762 ἀπὸ
1481 713 1575 782 μικρᾶς
1590 705 1693 775 ἡλικίας
1712 708 1748 774 εἰς

124 824 138 864 ς
152 790 355 870 σεμνυνομένους
366 789 411 849 ὀπί
423 794 456 861 τῇ
472 788 672 870 ἀριστοκρατίᾳ,
687 786 779 865 ἀπάγει
795 786 878 867 λέγων
892 786 932 846 δτι
975 786 1008 847 τόι
1028 787 1142 865 πολέμια
1161 787 1353 869 ηὐτρεπίζοντο·
1374 789 1420 848 καί
1443 791 1513 858 εὐθὺς
1531 795 1567 858 ὡς
1589 792 1704 853 ἐτίκτετο
1723 794 1780 855 τόο

151 884 190 961 τῷ
204 879 252 958 μέν
265 876 375 956 ὀνόματι
387 875 565 958 δημοκρατία,
575 878 613 957 τῷ
627 873 655 935 δέ
666 875 734 957 έργῳ
744 874 931 956 ἀριστοκρατία
975 874 1088 949 παιδίον,
1101 879 1128 935 ἐν
1142 873 1232 934 ἀσπίδι
1243 874 1358 935 ἐτίθεσαν
1370 876 1488 936 αὐτὸκαὶ
1500 878 1561 959 δόρυ
1573 878 1694 952 πλησίον,
1708 882 1754 940 καί

152 966 224 1029 ἐστίν
236 969 313 1044 ήμῶν
326 969 344 1036 ή
359 965 489 1025 πολιτεία.
506 1007 545 1018 -
562 963 633 1044 Πρός
644 961 678 1021 τόι
691 962 745 1022 ίδια
759 962 881 1043 διάφορα]
897 962 931 1021 τά
975 960 1091 1022 ἰπεύόων
1109 961 1220 1035 ῇτδινῇ
1239 963 1283 1022 ὀπί
1296 961 1353 1036 τάν,
1369 965 1512 1037 τουτέστιν,
1525 964 1543 1038 ἢ
1558 974 1641 1027 ταῦτα
1659 970 1753 1043 σῶσον,

154 1054 308 1136 διαφέροντα
322 1056 374 1119 τοῖς
388 1050 513 1118 ἰδιώταις.
529 1083 568 1096 -·
586 1053 645 1113 Οὐκ
663 1049 717 1109 ἀπό
736 1049 838 1132 μέρους]
857 1054 932 1108 τοῦτο
976 1048 993 1121 ῇ
1007 1051 1064 1128 μετ’
1076 1052 1162 1110 αὐτῶν
1177 1049 1335 1130 ἀναιρέθητι.
1350 1053 1374 1108 οἰ
1391 1053 1418 1110 δί
1439 1052 1511 1111 αὐτοί
1530 1050 1612 1121 ούτως
1625 1054 1755 1124 ἀπιπόιίως

153 1144 223 1223 λέγει
244 1140 287 1202 διδι
307 1138 365 1207 τούς
384 1138 558 1220 Ἡρακλείδας
579 1139 695 1218 βασιλεῖς
713 1126 766 1196 τῶν
789 1135 932 1210 Λακώνων,
975 1136 1083 1214 ἤσκουν,
1101 1140 1136 1204 ώς
1154 1135 1221 1215 μηδί
1237 1137 1352 1218 λουτρῶν
1370 1136 1522 1218 ἀνέχεσθαι,
1541 1141 1599 1199 ἀλλ’
1620 1143 1755 1221 ἀρκεῖσθαι

113 1244 139 1284 10
154 1230 243 1297 οἵτινες
257 1227 310 1286 ἀπό
324 1227 417 1307 μέρους
429 1218 511 1308 ήρχον
526 1225 569 1284 διά
580 1224 660 1303 μόνην
673 1224 721 1296 τὴν
733 1224 872 1304 εὐγένειαν,
883 1222 931 1283 κᾶν
975 1228 1014 1305 τῷ
1033 1223 1145 1306 Εὐρώτα
1163 1228 1276 1306 ποταμῷ
1294 1224 1358 1306 πρδς
1376 1226 1406 1284 τό
1429 1225 1582 1286 λούσασθαι.
1601 1229 1693 1305 ἀμέλει
1710 1230 1756 1289 καί
1770 1243 1790 1282 1(

154 1317 191 1397 μὴ
206 1309 276 1396 εἶχεν
295 1314 401 1396 ἀρετήν.
417 1347 455 1361 --
472 1312 511 1374 Ἦ
529 1316 632 1396 ἀρετῇς]
648 1312 702 1371 ἀπό
714 1316 760 1383 τῆς
780 1316 883 1392 ἀρετῇς.
902 1310 933 1370 τδ
977 1309 1197 1391 διαμαστιγώαεις
1213 1312 1326 1392 ἐγίνοντο
1341 1312 1411 1372 κατά
1429 1337 1488 1372 τινα
1508 1314 1609 1395 καιρὸν,
1629 1318 1655 1374 ἰν
1675 1310 1715 1383 αἷς
1731 1321 1756 1376 οἱ

153 1406 204 1465 δέ*
216 1406 304 1464 πλεῖον
314 1402 431 1462 ἀντίτοῦ
446 1402 555 1480 μᾶλλον.
570 1399 711 1480 -Ἔχων
724 1398 752 1458 δέ
763 1396 905 1478 τιάγαθόν]
918 1401 933 1456 ό
976 1400 1098 1469 πλείονας
1117 1399 1277 1480 ἐνεγκόντες,
1298 1401 1468 1483 ἀνδρειότεροι
1489 1402 1643 1479 ἐνομίζοντο.
1661 1439 1703 1450 -
1715 1405 1757 1467 Τὸ

154 1493 182 1552 δέ
196 1492 253 1552 ἀντί
267 1497 311 1550 τοῦ
326 1489 477 1568 μένκεῖται.
493 1523 532 1534 -
544 1487 711 1567 Ἀζιώματος]
722 1485 781 1546 ἀντί
791 1486 882 1568 τύχης.
893 1521 934 1533 —·
977 1490 1104 1569 ἀνδρεῖον]
1120 1489 1150 1550 τό
1167 1498 1219 1556 τοῖς
1237 1487 1347 1571 ἀνδράσι
1360 1488 1468 1570 πρέπον.
1479 1524 1520 1535 -
1537 1509 1559 1551 ι.
1579 1491 1670 1564 Αὐτοί]
1682 1495 1759 1571 ήμεῖς

154 1579 310 1658 Ἀζιώματος
324 1578 446 1659 ἀφανείᾳ]
461 1577 501 1635 ότι
518 1579 565 1636 οὐκ
583 1577 639 1636 ἔστι
653 1574 774 1641 πλούσιος
787 1572 805 1646 ἢ
819 1573 932 1653 εὐγενής.
978 1575 1105 1646 δηλονότι.
1118 1612 1159 1624 -
1171 1598 1192 1638 ε.
1207 1576 1298 1658 Ἀθρόα
1316 1599 1345 1634 τε
1361 1580 1394 1656 τῇ
1412 1577 1560 1655 δυνάμει
1580 1577 1694 1658 ἐνέτυχε]
1711 1603 1759 1658 με·

116 1683 141 1724 ιε
155 1669 276 1749 ῇάρίστη
290 1665 408 1725 πολιτεία
424 1665 455 1724 τό
469 1664 537 1724 κατά
551 1663 643 1742 νόμους
655 1663 702 1741 μίν
717 1662 856 1737 ἀπονέμειν
868 1671 934 1721 πᾶσι
979 1660 1099 1743 μέρισται
1113 1662 1163 1745 γάρ
1179 1666 1263 1723 αὐτῶν
1276 1663 1305 1722 τδ
1318 1662 1468 1743 στράτευμα
1481 1665 1516 1731 εἰς
1527 1664 1586 1738 δύο,
1599 1668 1634 1734 εἰς
1646 1667 1757 1750 Θρᾴκην
1776 1688 1790 1726 ιι

152 1756 183 1817 τδ
196 1755 295 1816 δίκαιον
308 1753 377 1813 κατὰ
391 1751 437 1820 τάς
451 1753 515 1820 ἰδίας
527 1751 652 1834 διαφοράς
665 1775 692 1810 τε
707 1750 753 1810 καί
764 1750 933 1830 διενέζας]ἰ],
978 1749 1025 1807 καί
1037 1749 1150 1810 Ἰωνίαν.
1164 1786 1205 1795 -
1215 1749 1393 1831 Ἐπίπεμψιν]
1406 1751 1441 1817 εἰς
1453 1751 1601 1833 στρατείαν.
1616 1788 1656 1800 -
1666 1754 1758 1837 Μαρίῳ

153 1843 199 1904 καί
214 1843 251 1922 μή
266 1851 389 1923 περιορᾷν
404 1839 470 1919 μήτε
484 1839 528 1899 τδν
543 1838 712 1917 ἀδικούμενον
728 1837 795 1916 μήτε
808 1837 853 1897 τόν
874 1839 934 1895 ἀδι-
978 1836 1038 1909 τινί]
1059 1834 1132 1918 μέρει
1150 1837 1201 1896 τινί
1223 1836 1249 1906 ἐξ
1268 1840 1354 1915 ἡμῶν.
1374 1871 1414 1883 -
1434 1837 1622 1919 Κρατήσαντές
1641 1864 1670 1901 τε
1688 1841 1760 1910 τινάς

154 1938 264 2001 κούντα,
278 1929 387 1989 ἕκαστον
402 1926 429 1986 δέ
443 1930 494 1985 τῶν
508 1928 620 1986 πολιτῶν
638 1928 683 1985 οὐκ
698 1924 751 1984 ἀπδ
766 1923 860 2006 μέρους
874 1947 935 2005 προ-
979 1923 1219 2004 ήμῶν]]αἰνίττεται
1230 1923 1288 1991 τούς
1297 1923 1393 1992 ἱππέας
1403 1926 1488 1983 αὐτῶν
1498 1923 1557 1994 τούς
1566 1928 1708 2005 κειμένους.
1720 1965 1761 1977 ·-

153 2023 243 2095 τιμῇν,
256 2012 273 2085 ἢ
288 2013 331 2073 διδι
342 2014 389 2086 τήν
404 2014 487 2086 ἀζίαν,
498 2016 521 2073 εἰ
533 2011 610 2094 τύχοι
622 2037 662 2082 τις
673 2012 802 2090 ἀξιώματι
814 2011 936 2090 σεμνυνό·
980 2011 1136 2091 Ἀπεῶσθαι]
1155 2011 1369 2092 ἀποδεδιωχέναι.
1387 2046 1427 2057 -
1447 2032 1470 2074 ι.
1489 2013 1585 2075 Καίτοι
1603 2017 1626 2074 εἰ
1646 2017 1760 2100 ῥφιθυμίφ

111 2117 140 2157 κ)
155 2125 245 2215 μενος,
259 2101 277 2174 ἢ
292 2101 335 2161 διδι
346 2101 376 2161 τό
386 2102 470 2181 γένος,
485 2100 503 2173 ἢ
516 2100 558 2161 διόι
570 2104 692 2174 πλοῦτον,
707 2100 724 2172 ἤ
736 2124 762 2159 τι
774 2103 828 2160 τῶν
838 2100 935 2174 ἀλλων,
980 2099 1022 2178 ...]
1035 2102 1122 2159 πάντα
1137 2100 1242 2177 συνάγει
1254 2098 1289 2158 τθι
1303 2097 1440 2181 εἰρημένα,
1450 2101 1496 2160 καί
1509 2100 1599 2185 ῶσπερ
1613 2105 1760 2180 ἀνάμνησιν
1774 2120 1790 2158 ²

155 2214 177 2272 ῳ
190 2213 228 2257 τις
241 2189 370 2272 διαφέρειν
391 2188 473 2249 οίεται
487 2193 539 2249 τῶν
560 2190 664 2249 πολλῶν
685 2187 731 2247 καί
745 2185 888 2266 εὐδοκίμων
908 2190 935 2247 έν
980 2190 1066 2246 αὐτῶν
1080 2190 1192 2247 ποιεῖται
1206 2186 1485 2265 ἀνακεφαλαιούμενος.
1502 2189 1643 2249 αἰνίττεται
1656 2189 1684 2251 δέ
1697 2192 1761 2274 πρός

153 2277 242 2359 μέρει,
260 2279 318 2336 ἀλλ’
333 2276 385 2336 ἀπὸ
406 2283 500 2359 ἀρετῇς
520 2275 565 2336 καί
579 2275 687 2358 ἀρίστης
704 2272 903 2347 ἰπιτηδεύσεως·
922 2280 936 2336 ὀ
980 2275 1211 2353 Λακεδαιμονίους.
1223 2273 1319 2341 -Ἐς
1330 2273 1455 2354 αὐτά]τά
1467 2276 1710 2355 ἀλγεινόδηλονότι.
1722 2315 1762 2326 -

153 2365 205 2447 γάρ
227 2370 353 2436 τοιοῦτος,
367 2362 416 2423 κάν
439 2363 519 2436 πίνης
536 2362 581 2423 καὶ
602 2361 704 2435 ἄδοξος,
724 2364 754 2421 ἰκ
774 2361 893 2433 πενήτων
907 2384 936 2421 τε
981 2364 1044 2422 Τῶν
1064 2361 1105 2421 ἀεί
1124 2361 1301 2443 μοχθούντων]
1322 2365 1373 2421 τῶν
1394 2364 1610 2442 Λακεδαιμονίων
1631 2367 1760 2437 δηλονότι.

154 2452 199 2511 καὶ
211 2450 309 2520 ἀδόξων
323 2450 378 2524 είη,
390 2449 440 2510 κάν
455 2448 569 2530 ἀφανής,
581 2452 632 2508 τῶν
646 2448 777 2508 πλουσίων
791 2471 820 2507 τε
834 2447 880 2507 καὶ
895 2452 937 2509 έν·
980 2483 1021 2493 -
1032 2447 1151 2528 Τούτοις]
1161 2453 1213 2518 τοῖς
1220 2448 1365 2531 εἰρημένοις
1373 2450 1501 2523 δηλονότι.
1511 2453 1762 2535 -Θαυμάζεσθαι]

114 2561 142 2600 αι
156 2538 234 2608 δοἜων
250 2537 319 2598 έστίν
329 2538 497 2618 ἐντιμότερος.
510 2580 547 2592 -
561 2558 582 2597 υ.
597 2535 757 2618 Ἐλευθέριος
769 2533 839 2609 δέ...]
855 2540 937 2605 ώςαν-
980 2534 1049 2595 κατὰ
1062 2542 1148 2596 κοινοῦ
1163 2536 1193 2595 τδ
1205 2537 1392 2618 περιγίγνεται.
1776 2559 1790 2598 ¹

155 2628 178 2687 εἰ
200 2627 297 2706 έλεγεν,
320 2630 367 2687 οὐκ
384 2625 462 2704 ἐσμέν
483 2624 606 2698 ἀλλήλοις
624 2624 746 2686 ὕποπτοι.
764 2659 806 2672 -
822 2625 937 2698 Ἐπιτη-
1021 2625 1081 2684 XL.
1103 2624 1305 2703 Φιλοκαλούμέν
1319 2649 1347 2684 τε
1359 2623 1410 2707 γάρ
1424 2626 1480 2703 μετ’
1493 2629 1589 2707 εὐτελ]
1602 2628 1691 2703 ἐπειδή
1707 2631 1762 2690 διε·

154 2715 301 2792 δευμάτων]
314 2713 382 2773 κατὰ
393 2718 480 2773 κοινοῦ
491 2712 522 2771 τό
531 2710 729 2789 πολιτευόμεθα.
742 2713 758 2788 §
770 2712 880 2771 ἐνταῦθα
889 2712 937 2783 τήν
981 2710 1109 2771 θάλλοντα
1127 2713 1151 2771 οί
1164 2711 1294 2786 Ἀθηναῖοι
1315 2712 1358 2771 ἐπὶ
1380 2712 1513 2796 μαλακία,
1528 2714 1574 2774 καί
1592 2721 1677 2798 τρυφῇ
1692 2719 1764 2798 βίου,

155 2801 286 2881 διαγωγήν
307 2803 391 2873 δηλοῖ.
411 2836 452 2848 -
471 2797 598 2880 Λυπηράς
612 2798 639 2857 δέ
653 2803 686 2880 τῇ
701 2797 760 2879 ὀμει
779 2796 936 2878 ἀχθηδόνος]
983 2799 1028 2858 καί
1041 2801 1124 2880 σχολῇ
1139 2801 1240 2880 πολλῇ,
1253 2805 1330 2860 τοῦτο
1340 2799 1426 2881 λέγει,
1440 2799 1682 2884 ὀτιφιλοκαλοῦμεν
1695 2806 1764 2884 μετά

155 2895 230 2949 τοῦτο
240 2890 325 2969 λέγει,
337 2889 427 2962 ἐπειδή
441 2911 505 2947 ποτε
518 2890 542 2946 οί
554 2885 774 2964 Λακεδαιμόνιοι,
789 2885 937 2965 Ἀλκαμένη
982 2888 1112 2955 εὐτελείας
1125 2888 1171 2947 καί
1183 2888 1377 2962 ταπεινότητος.
1388 2893 1421 2969 τῇ
1433 2888 1485 2971 γὰρ
1499 2892 1640 2975 φιλοκαλίφ
1654 2894 1684 2954 τό
1697 2894 1765 2955 ἀσω-

114 2994 142 3034 ³⁰
156 2981 182 3038 ἰν
195 2976 344 3060 προαστείῳ
358 2976 514 3054 θεασάμενοι
536 2975 739 3056 μετεωρίζοντα,
753 2975 842 3040 κακῶς
855 2975 936 3056 ἀχρή-
981 2998 1026 3033 τον
1039 2972 1144 3046 έπεται,
1155 2978 1189 3054 τῇ
1200 2975 1227 3034 δέ
1239 2974 1378 3057 φιλοσοφία
1389 2974 1420 3035 τό
1432 2977 1550 3054 μαλακόν
1563 2978 1608 3037 καί
1620 2980 1763 3055 ἀνειμένον.
1777 2999 1790 3042 1

156 3089 243 3126 σαντο.
258 3068 282 3124 οί
296 3064 347 3146 γόιρ
362 3062 565 3142 Λακεδαιμόνιοι
583 3061 732 3144 σκυθρωποί
746 3064 811 3135 εἰσι,
826 3062 938 3121 διαπαν-
982 3098 1023 3109 -
1034 3062 1101 3122 Μετ’
1119 3062 1259 3142 εὐτελείας]
1279 3063 1511 3145 σμικροπρεπείας.
1526 3100 1566 3111 -
1584 3066 1641 3127 Καί
1656 3070 1765 3148 φιλοσο-

154 3154 198 3221 τός
209 3153 348 3214 ἐπιείκειαν
362 3153 572 3234 ὑποκρινόμενοι,
584 3151 630 3211 καί
648 3151 707 3218 τούς
721 3149 878 3232 ἀόροτέρους
891 3174 938 3211 κο-
983 3156 1081 3230 φοῦμεν
1095 3150 1156 3209 ἀνευ
1171 3149 1315 3231 μαλακίας]
1329 3149 1363 3210 τά
1377 3151 1488 3232 δυςχερῇ
1501 3156 1548 3226 τῇς
1562 3153 1652 3223 πενίας
1665 3156 1766 3235 ὑπομέ-

156 3241 270 3310 λοίζουσι.
289 3239 320 3299 τό
337 3239 388 3320 γὰρ
405 3238 515 3320 τερπνὸν
535 3245 581 3298 τοῦ
597 3237 653 3319 βίου
672 3237 783 3314 κώλυμα
806 3238 939 3316 νομίζουσι
983 3262 1070 3317 νομεν.
1086 3274 1124 3284 -
1136 3238 1248 3320 Πλούτῳ
1262 3261 1290 3298 τε
1305 3239 1393 3319 ἔργου]
1405 3240 1435 3299 τό
1448 3239 1519 3313 έζῇς,
1530 3243 1568 3322 τῷ
1582 3243 1688 3326 πλούτῳ
1697 3245 1766 3326 χρώ-

155 3333 207 3387 τῶν
221 3327 381 3407 ἀναγκαίων.
394 3362 435 3373 -—
446 3347 469 3387 ε.
482 3326 646 3406 Ἀνεπαχθῶς
657 3326 685 3385 δέ
697 3326 731 3385 τά
742 3326 797 3384 ίδια
812 3349 938 3408 προςομι-
985 3333 1051 3405 μεθα
1066 3328 1092 3385 έν
1106 3330 1145 3407 τῷ
1159 3329 1242 3408 καιρῷ
1255 3331 1301 3385 τοῶ
1315 3325 1404 3409 έργου,
1418 3327 1463 3387 καί
1478 3329 1507 3387 οὐ
1518 3329 1614 3412 κόμπῳ
1625 3331 1712 3412 λόγου.
1726 3367 1767 3379 -

115 3435 142 3475 τι
154 3418 267 3488 λοῦντες]
275 3421 358 3474 ταῦτα
366 3415 429 3496 πρὸς
436 3412 659 3491 Λακεδαιμονίους
669 3412 821 3474 αἰνίττεται.
839 3416 937 3474 -Τῶν
984 3412 1040 3474 Καὶ
1050 3412 1079 3472 τδ
1095 3412 1218 3472 πένεσθαι
1228 3416 1276 3493 οὐχ
1285 3415 1420 3492 ὁμολογεῖν
1434 3415 1485 3474 τινί
1501 3418 1641 3498 αἰσχρὸν...
1652 3420 1790 3501 αἰσχιον]ι

197 3505 224 3562 ἐν
243 3507 311 3584 ἀρχῇ
323 3501 416 3574 όντων]
432 3504 484 3561 τῶν
501 3498 643 3583 ἀρχόντων.
657 3532 697 3545 -
709 3502 812 3571 Αὐτῶν]
827 3501 879 3558 τῶν
894 3500 940 3558 νό-
983 3501 1089 3580 γνώμης
1104 3500 1255 3582 ἀρίατηςζτδ
1270 3500 1337 3579 μήτε
1351 3501 1442 3560 πενίαν
1456 3503 1581 3564 ὀνειδίσαι
1594 3513 1647 3574 τοῖς
1661 3505 1766 3588 έχουσι,

158 3615 216 3670 μων
227 3589 355 3663 δηλονότι.
367 3625 405 3635 -
417 3586 556 3671 Ἄγραφοι]
570 3587 681 3669 ἀγραφοι
691 3586 766 3664 νόμοι
776 3584 810 3645 τά
821 3585 867 3660 έθη
878 3586 938 3648 εἰσί.
984 3588 1030 3648 καί
1045 3594 1180 3670 παροῦσαν
1197 3592 1283 3661 ζητεῖν
1299 3590 1330 3647 έκ
1345 3589 1443 3657 παντὸς
1456 3590 1553 3671 τρόπου
1574 3594 1673 3673 φυγεῖν.
1685 3630 1726 3642 -
1741 3615 1764 3657 α.

195 3680 357 3740 XXXVIII.
379 3679 422 3757 Τῇ
432 3676 535 3757 γνώμῃ]
550 3680 583 3757 τῇ
596 3679 683 3758 ψυχῇ,
697 3673 760 3753 ήτῇ
776 3673 888 3734 συνέσει.
900 3710 940 3722 -
983 3673 1045 3739 Ἐνι
1059 3700 1088 3737 τε
1101 3679 1154 3746 τοῖς
1172 3678 1270 3756 αὐτοῖς]
1288 3668 1340 3737 οῖον
1355 3681 1408 3746 τοῖς
1421 3679 1600 3760 δημιουργοῖς,
1621 3681 1667 3742 καί
1680 3707 1766 3765 γεωρ-

156 3765 311 3839 Διετησίοις]
325 3765 356 3824 δι’
370 3762 431 3823 ὀλου
443 3770 488 3824 τοῦ
501 3763 573 3830 έτους
584 3761 689 3822 θύουσιν
704 3763 728 3820 οί
742 3761 872 3836 Ἀθηναῖοι
881 3763 939 3822 καθ’
984 3774 1051 3844 γοῑς,
1066 3765 1112 3824 καί
1128 3769 1261 3842 κυνηγοῖς,
1280 3765 1393 3834 καὶτοῖς
1413 3765 1502 3835 ἀλλοις
1515 3765 1630 3837 ἰδιώταις
1647 3770 1693 3830 καί
1706 3794 1767 3853 χει·

116 3875 144 3914 ιο
157 3854 280 3927 ίκάστην,
290 3851 359 3924 πλὴν
369 3861 431 3929 μιᾶς
439 3849 549 3934 ἡμέρας.
562 3885 600 3896 -
611 3850 646 3911 Ἡ
656 3848 754 3931 τέρψις]
767 3854 783 3921 ἡ
795 3851 939 3929 ζωγραφία.
985 3852 1043 3934 ροτέ
1063 3876 1127 3920 ναις.
1143 3858 1218 3913 τοῦτο
1231 3851 1259 3912 δέ
1273 3852 1337 3934 πρός
1351 3854 1585 3932 Λακεδαιμονίους,
1600 3857 1689 3930 ἐπειδὴ
1707 3859 1766 3920 ὀλί-
1781 3884 1790 3923 ι

157 3976 196 3987 -
212 3941 252 4003 Τδ
272 3940 399 4022 λυπηρόν]
421 3940 564 3998 αἰνίττεται
585 3937 650 4019 πρὸς
667 3936 727 4004 τοὺς
741 3935 877 4004 ταπεινούς
895 3938 940 3997 καί
984 3963 1026 4018 γοι
1039 3876 1108 4013 Im
1124 3942 1212 4000 αὐτῶν
1230 3943 1254 4001 οί
1268 3939 1301 4000 τδ
1320 3941 1444 4002 πολιτικά
1466 3949 1635 4019 σκοποῦντες,
1653 3949 1676 4006 οί
1691 3946 1719 4006 δί
1732 3945 1767 4007 τά

157 4031 269 4096 εὐτελεῖς
290 4027 521 4106 Λακεδαιμονίους.
540 4060 576 4071 -
591 4046 612 4085 α.
628 4024 873 4105 Ἐπειςέρχεται...]
894 4030 939 4084 τοῦ
984 4026 1100 4106 πολέμια
1114 4025 1220 4095 πάντες.
1241 4063 1282 4075 -
1300 4031 1402 4101 Τῶνδε]
1417 4033 1469 4088 τῶν
1489 4033 1649 4109 πολεμικῶν.
1668 4067 1708 4079 -
1724 4036 1766 4095 Οὐ

156 4117 267 4190 Θησέως
278 4118 304 4174 ἐν
315 4116 420 4195 Ἀττικῇ
432 4138 460 4174 τε
472 4114 519 4173 καί
527 4117 585 4180 ταῖς
597 4111 714 4183 Ἀθήναις
727 4110 940 4192 βασιλεύσαντος,
984 4114 1043 4182 τούς
1057 4114 1148 4193 λόγους
1159 4118 1213 4183 τοῖς
1223 4114 1306 4197 έργοις
1321 4114 1401 4196 βλάό.
1416 4117 1526 4197 ήγούμ]
1536 4119 1704 4179 διεόοίλλοντο
1714 4120 1766 4203 γάρ

157 4204 332 4285 συνειςέφερον
346 4202 511 4284 πανταχόθεν
525 4203 597 4282 αὐτῷ
611 4200 644 4260 τόι
658 4201 722 4281 πρὸς
732 4199 823 4282 χρείαν
838 4204 861 4260 οί
872 4201 941 4262 Ἔλ-
984 4206 1019 4269 ώς
1031 4202 1117 4282 λόγων
1136 4202 1213 4281 μόνον
1233 4203 1440 4283 ἀντιποιούμενοι
1459 4203 1509 4263 ύπδ
1526 4208 1577 4264 τῶν
1597 4209 1766 4286 Λακεδαιμο-

115 4322 143 4360 42»
156 4295 245 4365 ληνες,
266 4289 407 4372 ἐπειδήπερ
427 4290 526 4360 ταύτην
545 4292 559 4347 θ
575 4287 697 4369 βασιλεὺς
714 4292 867 4369 πρυτανεῖον
888 4312 940 4347 κα·
984 4289 1053 4350 νίων.
1069 4327 1110 4336 -
1130 4290 1179 4363 Μή
1196 4292 1415 4371 προδιδαχθῇναι]
1438 4290 1491 4350 ἀπδ
1509 4299 1595 4353 κοινοῦ
1609 4294 1639 4353 τὸ
1662 4294 1790 4375 βλάόηνι

157 4380 277 4452 θεστήκει
290 4377 336 4437 καί
351 4377 511 4458 μητρόπολιν
525 4380 572 4448 τῇς
582 4375 724 4451 Ἑλλάδος,
738 4375 785 4444 τός
794 4375 876 4444 ἄλλας
890 4400 939 4437 κα·
983 4378 1133 4454 ήγούμενοι.
1149 4413 1189 4422 -
1207 4398 1229 4437 ε.
1250 4377 1331 4438 Δεινά
1345 4376 1391 4437 καί
1409 4375 1487 4462 ἡδέα]
1502 4377 1573 4438 δεινά
1591 4381 1625 4440 τά
1638 4383 1766 4462 πολέμια,

157 4468 278 4551 θηρηκὼς
291 4465 333 4525 διθι
347 4472 424 4525 τοῦτο
437 4467 533 4531 πολεις.
983 4463 1049 4535 ἡδέα
1063 4464 1097 4523 τά
1111 4469 1159 4536 τῇς
1177 4465 1287 4546 εἰρήνης.
1302 4500 1342 4511 -
1356 4486 1377 4525 ε.
1392 4464 1439 4534 Ἐς
1454 4464 1561 4552 ἀρετήν]
1581 4469 1676 4552 ἀρετήν
1694 4470 1766 4553 λέγει

197 4557 329 4617 XXXIX.
350 4553 406 4616 Ιίαί
419 4555 477 4621 ταῖς
490 4556 541 4612 τῶν
552 4554 703 4629 πολεμικῶν
719 4551 850 4628 μελέταις]
867 4555 938 4625 πλη·
983 4556 1028 4609 νῶν
1042 4549 1090 4623 τήν
1104 4550 1192 4633 φιλίαν
1206 4550 1252 4611 καί
1266 4553 1425 4634 εὐεργεσίαν.
1439 4587 1478 4599 -
1493 4554 1527 4617 ‘0
1539 4557 1637 4637 δράσας
1650 4558 1697 4631 τήν
1711 4559 1764 4640 χά-

159 4644 246 4727 ρώσας
258 4642 292 4702 τὰ
310 4645 336 4701 ἰν
351 4641 441 4724 εἰρήνη
458 4640 581 4719 γινόμενα
598 4637 698 4717 ἀγαθόι,
716 4645 761 4699 νῦν
783 4641 938 4723 μετέρχεται
984 4645 1035 4720 ριν]
1055 4641 1070 4696 ό
1089 4638 1231 4720 ἀρξάμενος
1251 4638 1415 4721 χαρίζεσθαι.
1436 4676 1476 4686 -
1493 4639 1572 4710 Ὦςτι
1590 4646 1763 4727 ὀφειλομένην

115 4762 144 4797 τι)
161 4732 205 4791 έπί
222 4731 256 4789 τά
275 4734 301 4790 ἀν
316 4728 435 4810 πολέμῳ.
451 4756 488 4770 ·-
499 4732 561 4789 Τῶν
584 4727 718 4798 ἐναντίοιν]
733 4730 784 4786 τῶν
803 4730 939 4789 Λακεδαι-
985 4721 1057 4808 ...]ἡ
1074 4724 1192 4794 σύνταξις
1205 4724 1301 4799 οὐτως,
1315 4724 1377 4793 ὥστε
1392 4727 1563 4808 ὀφειλομένην
1584 4730 1685 4805 σώζειν,
1695 4734 1790 4792 ἐκεῖ-ἰ

159 4818 255 4899 μονίων
265 4817 338 4900 φησί.
348 4853 388 4863 -
398 4817 499 4888 Τοῑςδε]
510 4824 563 4883 τοῖς
573 4814 766 4896 ῥηθησομένοις.
777 4859 816 4870 -
829 4815 936 4889 Καινήν]
983 4834 1026 4872 νον
1038 4805 1190 4894 δηλονότιῷ
1206 4813 1239 4872 δι’
1254 4813 1354 4882 εὐνοίας
1365 4814 1486 4876 δέδωκεν.
1501 4852 1542 4862 -
1557 4816 1591 4878 ‘0
1605 4821 1628 4878 δ’
1647 4821 1766 4902 awti.

158 4905 312 4977 κοινωνικήν
326 4904 371 4963 καί
385 4903 521 4982 ἀνειμένην
534 4912 613 4962 πᾶσιν
627 4901 779 4983 ἀνθρώποις.
792 4937 832 4948 -
850 4905 939 4975 Ξενη-
983 4899 1048 4973 λων]
1063 4903 1078 4958 ό
1099 4898 1127 4959 δέ
1141 4892 1171 4960 εὐ
1183 4899 1305 4980 πάσχων.
1323 4937 1361 4947 -
1375 4901 1560 4990 Ἀμόλύτιρος]
1575 4905 1764 4988 ἀσθενέστερος.

158 4992 273 5064 λασίοις]
291 4991 381 5072 ῶσπερ
394 4994 418 5051 οἰ
437 4989 649 5068 Λακεδαιμόνιοι.
665 5025 704 5038 -·
721 4989 760 5051 “0
775 4990 812 5069 μή
827 4992 937 5072 κρυφθὲν
982 5021 1024 5033 -
1039 4986 1097 5059 Τήν
1112 4985 1219 5072 ἀρετήν]
1233 4989 1281 5061 τήν
1299 4991 1457 5070 εὐεργεσίαν.
1472 5025 1513 5036 --
1533 5012 1555 5053 ε.
1574 4996 1615 5053 Οὐ
1630 5000 1676 5054 τοῦ
1697 4993 1762 5074 ζυμ-

161 5079 194 5138 ἀν
209 5086 290 5152 τις...]
303 5079 333 5138 τό
347 5079 418 5155 ίζῇς,
428 5077 573 5162 ὠφεληθείη
586 5077 618 5137 ἀν
629 5101 680 5152 τις,
690 5077 751 5138 ἰδών
763 5078 801 5158 μή
814 5080 934 5161 κρυφθέν.
986 5073 1137 5157 φέροντος...
1154 5072 1253 5160 πιστῷ]
1266 5078 1294 5135 οὐ
1307 5082 1338 5157 τῇ
1353 5077 1439 5138 ἐλπίδι
1451 5083 1496 5137 τοῦ
1507 5078 1625 5160 κέρδους,
1641 5084 1709 5143 ἀλλὰ
1725 5087 1764 5155 τῶ

278 5215 381 5265 Tuom.
395 5222 482 5269 scum..
1670 5232 1697 5272 ιε
