3676 5828
113 314 170 366 „a
793 286 1035 356 nuucumms·

115 433 235 512 pluuisse
255 429 302 497 ἕως
322 426 395 508 σρίσι
413 428 527 484 κάκεῖνοι
550 420 685 494 ποιήσειαν
704 419 738 480 τά
758 420 892 502 εἰρημένα.
941 401 1583 489 ιοοοιίιιευιιτοιίιιῖθῖεοοιιι,οιοειετοθυοοτειίιιεῖυ

115 523 146 598 (υ)
161 514 363 594 Λακεδαιμόνιοι
381 510 409 572 δὲ
426 510 461 570 τά
479 510 526 589 μὲν
546 508 643 568 δυνατὰ
663 507 762 590 ἔφασαν
779 530 896 580 πεποιη-
939 519 1032 565 υιοιιιει
1046 514 1122 565 donec
1132 518 1155 563 et
1166 514 1200 563 illi
1212 519 1364 577 prestarent,
1376 530 1431 579 qnae
1441 518 1583 580 pmmiserm

114 607 200 667 κίναι·
219 603 279 671 τοὺς
298 599 349 682 γάρ
370 596 444 680 παρά
468 597 539 679 σρίσι
562 595 698 674 δεσμώτας
721 595 796 660 ὄντας
818 594 896 665 Ἀθη-
942 601 1084 651 redaemonii
1096 601 1283 663 veredicebant‚
1295 604 1583 671 seprurstitisse,quoepr

115 694 193 753 ναίων
217 691 370 759 ἀποδοῦναι,
392 685 437 744 καὶ
460 684 519 751 τοὺς
541 682 585 742 ἐπὶ
608 681 718 764 Θρᾴκης
736 680 896 763 στρατιώτας
940 689 1112 750 seut3seenim
1123 689 1308 739 Atheniensibus
1319 689 1452 740 reddidisse
1460 705 1583 756 omnes,q

116 782 274 860 ἀπαγαγεῖν,
291 774 337 835 καλ
351 773 375 832 εί
386 796 432 832 του
451 771 532 830 ἄλλου
553 772 687 852 ἐγκρατεῖς
700 761 782 841 ἦσαν·
797 768 897 849 Ἀμμι-
941 776 1005 839 apud
1014 789 1040 826 se
1049 777 1073 825 in
1083 776 1184 825 vinculis
1193 776 1309 837 luissent,
1319 782 1343 827 ei
1357 778 1465 828 militese
1474 778 1577 829 ruscia

116 867 216 933 πόλεως
229 863 257 924 δέ
271 866 318 923 οὐκ
334 861 434 943 ἔφασαν
447 867 552 939 κρατεῖν
566 855 633 914 ώστε
645 857 817 937 παραδοῦναι,
833 859 897 914 Βοι-
942 869 966 913 et
977 863 1065 926 siquid
1074 862 1171 912 aliudin
1181 876 1224 912 sua
1231 868 1348 927 potestate
1360 865 1513 926 habuissem
1522 866 1583 917 sedi

116 953 196 1022 ωτόυς
212 951 239 1010 δὲ
259 949 430 1030 πειράσεσθαι
449 946 495 1005 καλ
519 942 667 1026 Κορινθίους
683 945 708 1009 ἐς
723 941 770 1009 τὰς
787 940 899 1008 σπονδδις
943 951 967 999 in
979 964 1022 1000 sue
1032 954 1148 1013 potestate
1155 963 1204 999 non
1213 963 1266 999 esse
1276 949 1398 1011 dicebant,
1408 952 1442 1001 ita
1452 957 1478 1001 ut
1487 953 1583 1003 tradere

119 1045 257 1121 ίσαγαγεῖν
279 1036 324 1096 καλ
347 1033 486 1094 Πάνακτον
511 1030 667 1102 άπολαόεῖν,
690 1030 735 1089 καλ
759 1029 899 1102 Ἀθηναίων
942 1036 1583 1100 νειοοιῦυιῖιιθιῖοοοεομοιαιιιθιιιυιοε,υιῖιιίωόι

118 1128 175 1188 ὅσοι
188 1119 256 1200 ἦσαν
268 1128 295 1183 ἐν
310 1127 434 1187 Βοιωτοῖς
448 1118 627 1198 αἰχμάλωτοι,
642 1126 750 1195 κομιεῖν.
794 1119 826 1196 (ο)
843 1116 901 1176 Πύ-
943 1129 996 1173 rent
1011 1122 1084 1185 utque
1101 1127 1233 1172 Panactum
1244 1124 1388 1186 reciperent,
1397 1128 1423 1174 et
1432 1129 1459 1173 ut
1473 1126 1583 1175 amenius

118 1219 163 1275 λον
178 1213 265 1292 μέντοι
278 1209 364 1283 ἠξίουν
379 1207 465 1289 σφίσιν
481 1208 635 1264 ἀποδοῦναι·
649 1207 671 1263 εἰ
685 1205 713 1263 δὲ
725 1204 777 1283 μή,
792 1208 900 1274 Μεσση-
944 1214 1004 1273 quot
1010 1209 1073 1272 spud
1083 1214 1178 1259 Boeotos
1185 1216 1267 1259 esseut
1278 1211 1379 1273 captivi,
1389 1217 1564 1274 recuperarent.

119 1303 188 1368 νίους
202 1324 231 1379 γε
245 1299 290 1358 καλ
304 1296 363 1363 τοὺς
375 1294 496 1360 Είλωτας
508 1292 652 1371 ἐξαγαγεῖν,
666 1292 756 1373 ὥσπερ
769 1291 815 1350 καὶ
828 1290 901 1349 αὐτοὶ
944 1302 1024 1346 nutem
1034 1297 1186 1359 postulabant
1198 1302 1224 1346 ut
1236 1297 1282 1346 sibi
1293 1298 1460 1358 restituerent;
1477 1299 1515 1348 sin
1531 1300 1584 1349 min

122 1388 180 1457 τοὺς
199 1386 251 1447 ἀπὸ
269 1384 394 1468 Θρᾴκης,
409 1380 559 1454 Ἀθηναίους
576 1379 604 1438 δὲ
622 1389 740 1460 φρουρεῖν
759 1378 789 1438 rb
805 1378 902 1458 χωρίον
945 1385 998 1434 nios
1014 1389 1079 1434 certe
1094 1389 1119 1434 et
1130 1384 1379 1447 servitiaeduierent,
1393 1386 1583 1447 quemadmodur

121 1471 228 1545 αὐτούς,
247 1474 270 1530 εί
289 1469 434 1550 βούλονται.
478 1470 508 1546 (ι)
531 1466 665 1532 Πολλάκις
685 1463 712 1523 δὲ
731 1464 777 1523 καί
797 1466 901 1523 πολλῶν
945 1472 1044 1521 Thracia
1060 1485 1117 1520 suos
1128 1472 1298 1531 abduxissent,
1312 1476 1386 1535 utque
1398 1473 1477 1521 locum
1493 1473 1583 1524 illumi

123 1562 207 1640 λόγοιν
222 1556 365 1638 γενομένων
377 1558 405 1614 ἐν
415 1559 453 1636 τῷ
468 1554 534 1635 θέρει
546 1553 629 1634 τούτῳ
643 1552 749 1612 ἔπεισαν
762 1550 821 1617 τοὺς
833 1551 903 1622 Ἀθη-
945 1558 1004 1621 ipsi,
1014 1558 1033 1607 si
1041 1559 1143 1618 vellent,
1152 1557 1308 1607 custodirent.
1336 1561 1370 1620 (7)
1380 1562 1447 1621 Smpe
1456 1564 1537 1608 erilem
1545 1573 1583 1609 mu

122 1648 207 1715 ναίους
221 1645 289 1704 ὥστε
304 1643 439 1722 ἐξαγαγεῖν
453 1645 483 1701 ἐκ
501 1640 591 1700 Πύλου
606 1639 768 1712 Μεσσηνίους
781 1638 826 1697 καλ
843 1638 903 1704 τοὺς
946 1644 1057 1693 monibus
1068 1659 1110 1707 per
1122 1646 1183 1693 banc
1194 1650 1302 1695 uestatem
1313 1645 1400 1694 babilis
1411 1646 1583 1695 Atlreniensibu

124 1736 217 1801 ἄλλους
238 1730 359 1798 Εἵλωτάς
378 1753 407 1788 τε
426 1729 471 1788 καί
494 1727 550 1787 ὅσοι
569 1726 783 1805 ηὐτομολήκεσαν
806 1729 835 1784 ἐκ
855 1731 901 1797 τῆς
947 1738 1016 1792 τυιιι,
1029 1737 1056 1780 ut
1067 1745 1081 1781 e
1093 1733 1151 1793 Pylo
1166 1731 1293 1781 educerent
1310 1733 1441 1782 Messenios
1457 1738 1583 1797 ceterosqu

125 1823 292 1891 Λακωνικῆς·
315 1817 361 1878 καὶ
380 1815 530 1897 κατῴκισαν
555 1814 648 1881 αὐτοὺς
669 1817 695 1873 ἐν
716 1812 839 1895 Κρονίοις
858 1819 904 1885 τῆς
947 1823 972 1868 et
983 1823 1100 1881 quotquot
1114 1832 1144 1866 ex
1156 1832 1213 1880 egro
1223 1821 1338 1868 Laconico
1349 1819 1583 1883 fugerant3ipsosqm

125 1907 316 1992 Κεφαλληνίας.
360 1909 391 1983 (s)
405 1905 445 1964 'lb
459 1903 507 1982 μὲν
525 1895 568 1962 ούν
581 1901 652 1983 θίρος
670 1908 746 1961 τοῦτο
759 1901 858 1981 ἡσυχία
873 1893 904 1973 ἦν
948 1906 1106 1967 cephalleniae
1117 1906 1202 1955 insulae
1212 1906 1270 1955 urbe
1280 1906 1434 1955 collocarunt.
1467 1907 1583 1969 (sillabis

124 1999 169 2057 καὶ
180 1996 265 2079 ἔροδοι
277 1997 340 2075 παρ’
352 1995 487 2063 ἀλλήλους.
949 2006 963 2041 a
975 1992 1036 2041 bello
1046 1993 1116 2054 quies
1125 1997 1176 2041 erat
1186 1998 1211 2042 et
1222 1993 1285 2041 ultro
1294 1993 1403 2056 citroque
1413 1995 1475 2043 inter
1486 2007 1513 2043 se
1522 2007 1583 2043 comi

165 2084 298 2147 XXXVI·
320 2086 375 2142 Τοῦ
396 2083 418 2139 δ’
441 2077 636 2159 ἐπιγιγνομένου
656 2082 783 2158 χειμῶνος
801 2076 905 2156 (ἔτυχον
981 2098 1088 2145 xxxvi.
1106 2099 1250 2158 Insequente
1262 2101 1341 2145 summ
1354 2097 1432 2146 bieme
1444 2098 1507 2160 (jem
1522 2098 1583 2146 enim

125 2172 175 2254 γάρ
187 2171 274 2252 ίροροι
286 2169 367 2250 ἕτεροι
383 2168 429 2226 καί
444 2169 491 2227 οὐκ
506 2168 544 2247 ἐρ’
562 2157 597 2223 ῶν
617 2170 644 2224 αἱ
663 2165 773 2225 σπονδαί
790 2165 907 2243 ἐγίνοντο
951 2184 1116 2244 magistratum
1127 2183 1254 2243 gerebant,
1264 2196 1308 2232 nec
1319 2184 1349 2245 ii,
1362 2183 1450 2246 quibus
1459 2186 1583 2246 magistrat

126 2262 250 2342 ἄρχοντες
263 2258 332 2330 ἤδη,
346 2256 392 2314 καί
405 2279 471 2321 τινες
485 2258 570 2313 οὖνῶν
585 2252 630 2312 κοιλ
645 2252 753 2311 ἕνυνιῖοι
769 2255 905 2330 σπονδαῖς)
950 2267 997 2316 bus
1015 2268 1103 2316 loedera
1119 2280 1232 2329 percusse
1248 2271 1327 2328 erant,
1344 2272 1415 2330 atque
1431 2270 1517 2317 borum
1533 2270 1583 2319 etia

127 2350 254 2407 ἐλθουσῶν
263 2343 407 2425 πρεσύειῶν
419 2343 523 2411 ἀπδτῆς
531 2340 708 2419 ξυμμαχίδος,
717 2340 763 2399 καλ
773 2341 907 2420 παρόντων
951 2353 1291 2415 luderibusernntadserssrii)
1297 2368 1371 2416 quum
1377 2354 1505 2416 legationes
1511 2369 1583 2405 exsor

127 2433 269 2505 Ἀθηναίων
287 2430 332 2490 καὶ
350 2433 471 2490 Βοιωτῶν
489 2428 534 2486 καλ
556 2427 705 2508 Κορινθίων,
720 2427 766 2486 καί
781 2428 867 2485 πολλὰ
882 2429 908 2484 ἐν
953 2442 1089 2501 vertissent,
1102 2445 1126 2490 et
1139 2440 1295 2490 Athenienses
1304 2446 1328 2489 et
1345 2443 1421 2491 Boeuti
1432 2448 1455 2491 et
1473 2443 1583 2492 corinthi

130 2520 253 2591 ἀλλήλοις
270 2516 393 2576 εἰπόντων
406 2515 451 2574 καλ
468 2515 540 2574 οὐδὲν
560 2514 720 2591 ξυμόάντων,
737 2519 771 2580 ώς
789 2514 909 2592 ἀπῄεσαν
954 2529 1078 2587 adessem,
1095 2532 1119 2576 et
1135 2528 1198 2576 ultro
1214 2529 1321 2590 citroque
1336 2529 1412 2578 multe
1426 2530 1497 2582 verba
1510 2531 1572 2579 sacre

131 2608 172 2666 ἐπ’
185 2607 271 2677 οἴκου,
281 2608 334 2670 τοῖς
349 2606 470 2668 Βοιωτοῖς
480 2601 526 2660 καὶ
535 2600 680 2682 Κορινθίοις
689 2600 851 2668 Κλεόύουλος
865 2601 910 2659 καὶ
954 2616 1081 2677 quicquam
1098 2615 1159 2663 inter
1177 2627 1219 2663 eos
1234 2617 1400 2677 convenisset,
1416 2630 1490 2677 quum
1507 2616 1580 2666 domu

132 2692 281 2773 Ξενάρκης,
295 2682 365 2748 οὗτοι
378 2688 452 2769 υίπερ
466 2692 516 2746 τῶν
529 2688 627 2769 ἐρύρων
643 2687 780 2746 ἐύούλυντο
795 2687 910 2765 μάλιστα
954 2702 1083 2753 cleobulus
1102 2706 1126 2750 et
1140 2704 1274 2761 Xenarces,
1284 2701 1314 2762 ii,
1329 2702 1370 2764 qui
1380 2716 1410 2751 ex
1423 2704 1518 2765 epboris
1533 2703 1583 2752 ioed

133 2782 255 2839 διαλῦσαι
266 2777 313 2844 τὰς
327 2777 452 2848 σπονδάς,
465 2776 555 2854 λόγους
566 2780 700 2834 ποιοῦνται
713 2773 804 2846 ίδίους,
814 2798 912 2855 παραι-
954 2789 1107 2851 potissimum
1125 2788 1249 2844 volebant,
1267 2802 1323 2837 eum
1340 2791 1430 2838 ssoeotis
1441 2793 1468 2839 et
1482 2790 1581 2840 eerinrh

134 2874 235 2933 νοῶντες
246 2864 285 2925 ότι
298 2864 413 2943 μάλιστα
423 2861 507 2921 ταῦτά
520 2887 548 2921 τε
557 2861 709 2940 γιγνώσκειν
719 2860 763 2920 καί
774 2866 912 2943 πειρᾶσθαι
956 2888 1078 2925 sermones
1095 2875 1196 2936 babent,
1213 2875 1382 2935 admonentes,
1402 2881 1428 2924 ut
1444 2889 1517 2938 quam
1532 2889 1583 2925 mur

134 2952 273 3025 Βουυτούς,
283 2951 405 3032 Ἀργείων
416 2949 567 3028 γενομίνους
581 2953 684 3030 πρῶτον
699 2947 792 3016 αὐτούς
806 2948 911 3026 ξυμμά-
957 2963 1084 3025 probarent
1093 2967 1117 3011 el
1126 2976 1223 3025 operam
1234 2963 1331 3022 darem,
1344 2969 1372 3011 ut
1381 2963 1471 3024 lloeoti,
1481 2963 1520 3012 ubi
1534 2963 1583 3026 prio

134 3065 210 3122 χους,
234 3032 305 3106 αὖθις
325 3037 392 3116 μετὰ
411 3040 531 3097 Βοιωτῶν
555 3035 682 3116 Ἀργείους
701 3035 914 3112 Λακεδαιμονίοις
960 3054 1034 3098 tatem
1052 3063 1107 3098 cum
1125 3049 1219 3110 Argivis
1237 3050 1359 3108 iniissent,
1372 3055 1454 3112 postea
1464 3058 1518 3098 cum
1533 3052 1583 3100 Boei

134 3134 244 3200 ποιῆσαι
265 3126 432 3205 ξυμμάχους·
450 3123 518 3184 οὕτω
534 3122 584 3206 γδιρ
603 3124 699 3195 ἥκιστα
718 3127 914 3202 ἀναγκασθῆναι
957 3135 1143 3186 Lacedaemoniis
1158 3136 1235 3185 socios
1246 3134 1414 3197 adjunges-eun
1427 3135 1462 3183 sic
1478 3136 1541 3183 enim
1553 3137 1583 3184 Bo

136 3214 266 3282 Βοιωτούς
284 3217 309 3280 ἐς
328 3213 374 3280 τὰς
394 3209 511 3278 Ἀττικὰς
531 3211 644 3278 σπονδὰς
664 3213 789 3270 ἐσελθεῖν
812 3211 914 3268 ἑλέσθαι
958 3237 1013 3272 cum
1033 3224 1219 3273 Atheniensibus
1238 3223 1297 3272 inire
1318 3222 1415 3272 minime
1433 3227 1544 3270 coactum
1565 3222 1583 3271 ir

135 3303 186 3384 γάρ
209 3300 430 3378 Λακεδαιμονίους
456 3298 571 3379 πρὸτῆς
593 3298 732 3369 Ἀθηναίων
755 3297 848 3378 ἔχθρας
869 3296 914 3354 ιισλ
958 3312 1057 3360 monice
1069 3312 1133 3361 enim
1154 3311 1334 3360 Atheniensium
1358 3310 1488 3359 inimicitiis
1508 3322 1536 3358 ac
1551 3309 1583 3359 loe

136 3389 278 3455 διαλύσιος
288 3392 340 3446 τῶν
353 3387 468 3445 σπονδῶν
480 3384 608 3466 Ἀργείους
618 3385 690 3465 σφίσι
701 3382 788 3464 οιλους
799 3384 845 3441 ιιοιλ
855 3382 916 3460 ξυμ·
959 3398 1017 3461 ipsis
1026 3399 1138 3448 initorum
1147 3399 1268 3447 violationi
1277 3398 1405 3446 amicitiam
1415 3401 1439 3446 et
1448 3398 1583 3447 societatem

138 3476 238 3556 μάχους
251 3473 378 3553 γενέσθαι.
417 3473 457 3532 Τὸ
471 3473 521 3552 γὰρ
537 3468 628 3551 Ἄργος
643 3471 683 3528 ἀεὶ
701 3470 845 3542 ἠπίσταντο
859 3474 916 3529 ἐπι·
960 3486 1145 3546 οπιομοεῖῑιιιυε.
1171 3484 1296 3533 Habebunt
1304 3483 1583 3546 enimexploratum,ba

139 3569 283 3639 θυμοῦντας
308 3559 366 3625 τοὺς
389 3557 610 3634 Λακεδαιμονίους
631 3559 717 3621 καλῶς
741 3556 814 3637 σμίσι
833 3555 916 3635 ιριλιον
960 3577 1073 3633 perpetuo
1091 3583 1191 3633 cupere,
1208 3570 1329 3619 civilatem
1349 3571 1490 3632 Argivorum
1503 3574 1567 3619 recte

138 3648 272 3730 γενέσθαι,
294 3646 433 3725 ἡγούμενοι
453 3645 496 3703 τον
519 3643 568 3711 ἔξω
588 3641 787 3712 Πελοποννήσου
802 3643 917 3718 ιιολομον
961 3658 1100 3720 essc,qu0d
1112 3658 1279 3708 bellomentm
1292 3657 1481 3719 Peloponnesum
1493 3657 1526 3705 ita
1540 3656 1583 3705 leri

141 3735 197 3816 ῥᾴω
211 3734 242 3793 ἂν
256 3720 331 3792 εἶναι.
373 3733 403 3808 (a)
418 3730 457 3791 Tb
468 3729 554 3807 μέντοι
566 3730 706 3790 Πάνακτον
718 3730 818 3788 ἐδέοντο
833 3734 918 3789 Βοιω-
962 3746 1082 3795 ducerent,
1115 3746 1149 3806 (η)
1162 3749 1292 3794 panaciam
1307 3744 1487 3806 ver0r0gahant
1504 3746 1583 3793 Βωοις

140 3821 199 3888 τοὺς
218 3820 288 3886 ὅπως
304 3819 441 3899 παραδῶσι
457 3817 683 3895 Λακεδαιμονίοις,
704 3817 746 3876 ἵνα
766 3820 819 3875 ἀντ’
839 3819 919 3876 αὐτοῦ
963 3831 1435 3894 demoniistrade1·eni‚utpr0uoc,st
1455 3833 1583 3893 possessi

142 3908 241 3980 Πύλον,
263 3906 294 3978 ἢν
313 3905 452 3977 δύνωνται,
471 3904 647 3972 ἀπολαύοντες
665 3911 726 3986 ῥᾷον
747 3909 920 3964 καθιστῶνται
963 3920 993 3968 ad
1004 3920 1092 3969 bellum
1102 3918 1218 3968 adversus
1232 3918 1388 3968 Athenienses
1397 3916 1546 3967 commodius
1562 3916 1583 3967 di

142 3994 286 4067 Ἀθηναίοις
299 3997 324 4061 ἐς
334 3991 457 4068 πολεμον.

183 4083 331 4142 XXXVII.
354 4078 409 4139 Καλ
419 4082 442 4135 οἱ
458 4075 505 4155 μὲν
519 4077 627 4137 Βοιωτοί
637 4078 681 4136 καλ
695 4077 824 4158 Κορίνθιοι
837 4083 920 4136 ταῦτα
995 4092 1114 4138 xxxvii.
1133 4093 1210 4152 sique
1226 4092 1301 4138 Bmoti
1319 4094 1344 4138 ct
1361 4088 1478 4139 Corinthii
1493 4101 1547 4137 cum
1562 4087 1583 4136 hi

147 4165 335 4245 ἐπεσταλμένοι
358 4163 410 4223 άπό
429 4188 457 4222 τε
477 4170 523 4222 τοῦ
544 4164 675 4245 Ξενάρους
692 4169 736 4223 καὶ
757 4164 921 4224 Κλεοόούλου
966 4188 1020 4237 qum
1036 4181 1175 4237 acceperant
1190 4180 1306 4225 alienare
1318 4181 1343 4224 et
1355 4164 1520 4234 cleobulo,'ei
1531 4181 1583 4236 quot

145 4256 190 4316 καὶ
209 4254 265 4314 ὅσοι
281 4253 350 4336 φίλοι
363 4246 430 4324 ἦσαν
449 4252 535 4317 αὐτοῖς
553 4256 603 4309 τῶν
623 4251 836 4329 Λακεδαιμονίων
855 4251 922 4310 ώττε
966 4263 1117 4312 cedaemoniis
1133 4268 1199 4312 erant
1216 4264 1246 4313 iis
1258 4263 1341 4323 amici,
1359 4268 1386 4311 ut
1404 4262 1434 4311 ad
1449 4275 1505 4311 suas
1516 4274 1583 4324 respn

146 4344 304 4422 ἀπαγγεῖλαι
316 4338 359 4398 ἐπί
368 4340 401 4398 τδι
413 4337 791 4418 κοινά,ίκάτεροιοίνεχώρουν.
821 4339 922 4421 (i'np-
967 4355 1031 4410 rent,
1051 4351 1145 4412 utrique
1163 4351 1280 4399 abierunt.
1316 4352 1349 4411 (2)
1369 4350 1510 4411 Argivorum
1530 4362 1583 4399 vero

146 4429 222 4509 γείων
236 4427 264 4487 δὲ
278 4426 323 4486 δύο
336 4427 425 4507 ἄνδρες
438 4429 484 4496 τῆς
496 4427 578 4505 ἀρχῆς
592 4429 638 4494 τῆς
648 4425 771 4504 μεγίστης
782 4427 923 4507 ἐπετήρουν
967 4450 1063 4486 summo
1079 4437 1217 4499 magistratu
1234 4451 1275 4486 eos
1289 4437 1404 4486 abeuntes
1420 4438 1444 4485 in
1460 4436 1511 4498 ipse
1526 4436 1583 4485 vise

147 4513 272 4582 ἀπιόντας
284 4512 377 4578 αὐτούς
390 4514 447 4570 καθ’
462 4510 529 4583 δδόν,
541 4511 586 4569 καλ
602 4510 780 4590 ξυγγενόμενοι
796 4515 821 4580 ἐς
834 4514 924 4591 λόγους
967 4524 1133 4586 congressique
1143 4537 1199 4573 cum
1208 4524 1243 4573 eis
1257 4525 1280 4572 iu
1292 4525 1436 4587 colloquium
1449 4527 1579 4584 venenant,

147 4594 234 4673 ἦλθον,
250 4600 274 4659 εί
286 4623 341 4666 πως
355 4602 378 4656 οἱ
392 4595 500 4658 Βοιωτοὶ
513 4595 585 4678 σρίσι
599 4596 731 4676 ξύμμαχοι
745 4600 859 4678 γένοιντο
870 4599 924 4658 ώσ-
968 4612 1043 4661 Booti
1055 4611 1193 4661 societatem
1205 4625 1286 4660 secum
1297 4611 1355 4660 inire
1367 4616 1477 4673 possent,
1490 4623 1583 4673 quemue

148 4711 197 4768 περ
210 4687 339 4768 Κορίνθιοι
352 4684 397 4743 καί
417 4684 517 4743 Ἠλεῖοι
532 4683 578 4742 καλ
593 4687 737 4756 Μαντινῆς·
749 4687 861 4763 νομίζειν
874 4686 925 4767 γὰρ
969 4699 1050 4747 rintbii
1066 4703 1090 4746 et
1101 4698 1151 4747 Elei
1163 4703 1187 4747 et
1202 4699 1328 4758 Manlium,
1339 4711 1365 4747 se
1376 4698 1439 4746 enim
1449 4698 1583 4747 existimare

150 4774 180 4833 διν
194 4775 285 4834 τούτου
296 4771 514 4854 προχωρήσαντος
526 4771 619 4852 ῥαδίως
628 4772 678 4843 ἤδη
690 4771 735 4830 κοιλ
748 4775 870 4850 πολεμεῖν
882 4775 926 4833 καὶ
970 4786 1015 4834 sibi
1030 4786 1199 4847 successisset,
1215 4786 1282 4833 lacile
1296 4785 1344 4845 jum
1361 4785 1407 4833 sibi
1422 4785 1471 4834 lore
1486 4789 1510 4833 et
1526 4783 1583 4834 belli

151 4862 305 4920 σπένδεσθαι
326 4859 371 4918 καλ
395 4858 459 4939 πρὸς
482 4859 713 4935 Λακεδαιμονίους,
735 4863 757 4918 εἰ
781 4859 926 4938 βούλοιντο,
970 4886 1052 4935 pacem
1063 4872 1139 4921 tacere
1148 4878 1171 4920 et
1181 4886 1235 4921 cum
1244 4871 1476 4931 Laceda·1uoniis,si
1485 4870 1583 4931 vellent,

151 4953 228 5026 κοινῷ
242 4947 311 5029 λόγῳ
328 4947 490 5027 χρωμένους,
507 4946 553 5004 καί
572 4946 597 5004 εί
615 4969 673 5003 τινα
690 4947 754 5027 πρὸς
771 4947 849 5006 ἄλλον
864 4950 925 5008 δέοι.
971 4960 1110 5021 buscunque
1120 4960 1241 5020 aliisopus
1252 4963 1331 5018 esset,
1341 4958 1473 5021 depublico
1484 4971 1583 5007 consens

150 5049 180 5132 γυ)
192 5035 255 5112 Τοῖς
268 5047 295 5104 δὲ
307 5049 359 5104 τῶν
373 5038 495 5105 Βοιωτῶν
506 5033 647 5113 speciano
658 5031 794 5093 ἀκούουσιν
804 5035 926 5115 ἤρεσκεν·
972 5048 1005 5108 (3)
1025 5048 1081 5095 llaec
1100 5047 1236 5095 bustorum
1255 5046 1338 5106 legatis
1359 5044 1439 5094 audita
1460 5045 1583 5107 placebant
