3676 5828
249 449 332 543 Πρὸς
351 441 387 516 tt
401 434 472 542 τήν]

525 624 538 650 *
547 623 679 684 Ἐνταῦθα
692 621 740 702 μὲν
753 621 879 698 miletae,
893 626 928 690 ὡς
945 622 1060 695 Τζέτζης
1070 621 1181 703 γροίροκ

524 744 587 826 ἄρξῃ
601 746 623 803 δ’
638 744 736 826 ἀπαρτὶ
748 745 814 803 *τοῦ
825 727 909 825 «προς
922 743 1027 825 εἰρήνην
1040 771 1051 795 ν
1063 742 1150 820 λόγου.

526 848 711 925 οολοικοειδὲς,
724 850 775 908 *οὗ
790 849 909 909 σόλοικον
923 848 1075 930 ’τυγχάνει

246 1075 363 1158 Quem
381 1086 604 1168 postremum
629 1094 773 1141 versum
795 1071 975 1167 posterius
997 1069 1072 1140 vidi
1099 1067 1252 1150 αὐτολεξιὶ
1275 1071 1312 1138 in
1336 1069 1430 1141 libro
1451 1084 1579 1143 octavo

247 1194 458 1290 repetitum,
482 1192 545 1263 ubi
566 1207 716 1263 nonest
739 1191 965 1290 depravatus.

294 1327 418 1409 Quum
440 1324 477 1393 in
502 1324 607 1417 Regia
623 1322 844 1394 bibliotheca
862 1345 1059 1418 quaererem
1079 1321 1107 1390 si
1133 1319 1222 1416 quid
1243 1320 1300 1391 his
1324 1320 1470 1393 scholiis
1490 1323 1578 1394 utile

246 1462 466 1544 superesset,
484 1469 559 1516 non
577 1447 700 1517 inveni
718 1447 788 1517 uisi
811 1445 941 1516 decimi
959 1445 1079 1541 quinti
1106 1444 1227 1514 saeculi
1246 1443 1387 1516 codices
1406 1461 1580 1543 quattuor

245 1572 505 1667 autquinque,
522 1596 607 1643 cum
625 1570 694 1642 hac
710 1570 918 1642 notatione:
934 1597 951 1633 α
965 1567 1056 1640 nihil
1075 1567 1185 1638 habet
1205 1568 1251 1639 ah
1272 1568 1379 1641 editis
1402 1570 1546 1642 diversi.
1561 1601 1577 1636 ν

247 1692 299 1762 Ab
328 1693 386 1763 his
409 1694 535 1788 igitur,
553 1717 762 1790 quanquam
784 1693 907 1763 nullus
928 1689 1042 1762 codex
1061 1716 1210 1788 prorsus
1231 1691 1361 1764 frustra
1380 1695 1578 1783 excutitur,

247 1815 338 1885 nihil
358 1831 477 1887 tamen
509 1818 643 1913 sperari
668 1830 808 1914 poterat
832 1816 910 1887 otio
929 1813 1150 1886 insumendo
1177 1830 1213 1885 et
1240 1814 1450 1888 devorando
1471 1819 1579 1890 taedio

246 1938 409 2033 dignum.
435 1938 506 2009 Sed
525 1941 600 2035 jam
632 1940 670 2009 in
696 1940 826 2035 quinto
853 1937 950 2009 libro
971 1936 1199 2008 versantibus
1228 1939 1347 2035 operis
1378 1963 1420 2010 ex
1440 1942 1578 2013 Millero

248 2086 329 2133 meo
362 2061 504 2153 audivi,
542 2087 659 2158 nuper
689 2062 882 2133 accessisse
917 2060 1011 2131 duos
1045 2059 1188 2131 codices
1223 2061 1463 2158 Thucydidis,
1491 2066 1578 2137 alte·

247 2210 327 2256 rum
346 2190 428 2276 Xll,
451 2188 604 2258 alterum
624 2190 702 2257 xtv
726 2186 867 2276 saeculi,
888 2201 1084 2282 utrumque
1103 2210 1186 2256 cum
1208 2185 1366 2258 scholiis.
1388 2190 1579 2279 Posterior,

245 2307 328 2378 licet
354 2309 551 2381 Marcellini
569 2311 650 2380 Vita
678 2334 763 2380 cum
787 2309 947 2380 Palatino
967 2306 1093 2378 codice
1110 2309 1325 2387 examussim
1348 2311 1580 2382 consentiens

245 2453 347 2525 spem
366 2431 554 2501 meliorem
578 2430 775 2525 injecisset,
801 2431 838 2500 in
864 2430 1088 2501 scholiorum
1109 2427 1200 2499 locis
1216 2428 1355 2500 collatis
1388 2455 1463 2502 non
1492 2455 1581 2528 prae·

246 2563 338 2619 stare
360 2551 438 2621 aliis
465 2565 519 2621 est
540 2552 722 2622 iuventus.
740 2555 874 2622 Verum
895 2550 1014 2648 prior,
1031 2548 1141 2645 cujus¹
1154 2548 1336 2646 pervolavi
1361 2548 1499 2621 scholia
1517 2574 1580 2621 an·

248 2673 348 2767 tiqua
372 2697 480 2743 manu
502 2674 652 2771 scripta,
669 2673 714 2744 ad
735 2688 905 2769 quartum
923 2672 1058 2743 librum
1078 2672 1334 2769 pertingentia,
1361 2696 1454 2769 saepe
1475 2696 1580 2745 accu-

248 2797 358 2867 ratius
375 2797 539 2893 loquitur
550 2821 661 2892 graece
673 2822 783 2898 quam
799 2795 918 2868 editus
933 2795 1158 2886 scholiastes,
1174 2794 1239 2866 sed
1251 2820 1306 2866 res
1325 2796 1412 2892 ipsae
1429 2821 1579 2892 prorsus

248 2942 333 2998 sunt
350 2927 496 2998 eaedem.
520 2932 638 3015 Quare
659 2929 739 2999 haec
766 2942 908 2998 tantum
937 2949 1112 2996 memoro.
1132 2929 1164 3014 l,
1189 2951 1249 3015 ra,
1275 2929 1294 3018 S
1316 2925 1356 3015 3,
1373 2926 1420 2998 ad
1434 2931 1578 3026 πρότερον

248 3054 283 3129 dl
302 3053 474 3153 Κοδρηΐδα
497 3089 505 3130 :
530 3048 648 3137 Επειδὴ
670 3062 818 3156 πρότερον
843 3052 988 3150 Καδμηῒς
1016 3064 1202 3128 inclusos
1222 3050 1257 3127 δὲ
1279 3045 1402 3154 ὁμηρος
1426 3064 1578 3140 Βοιωτοὺς

247 3200 348 3274 καλοῖ,
363 3193 574 3286 ἄναχρονισμῷ
591 3197 762 3284 χρώμενος·
781 3194 911 3284 ἔσχατος
925 3188 984 3286 γὰρ
1001 3201 1063 3257 τῶν
1079 3193 1222 3285 Τρωϊκῶν
1244 3195 1337 3260 ἐστιν.
1357 3195 1386 3279 1,
1414 3195 1469 3279 13,
1488 3188 1512 3259 l.
1532 3214 1577 3260 20

245 3337 329 3420 post
345 3327 429 3403 υἱέως
458 3318 875 3407 excommnicatorum
902 3323 930 3390 οἱ
953 3327 1147 3414 Κορκυραῖοι.
1176 3322 1208 3406 I,
1231 3341 1312 3407 toa,
1333 3317 1355 3387 l.
1379 3317 1447 3407 33,
1470 3318 1578 3389 verba
1685 3312 1689 3320 ¹

245 3456 326 3525 κατὰ
343 3459 397 3524 τὸν
414 3446 598 3550 Αριστείδην
615 3441 657 3545 γ’,
673 3476 821 3548 prorsus
836 3464 996 3547 separata
1010 3449 1155 3521 suntab
1169 3450 1241 3520 hoc
1255 3448 1410 3540 scholio,
1424 3451 1577 3547 ascripta

243 3584 411 3679 sequenti
441 3581 620 3653 vocabulo
654 3587 801 3677 pehrccoe.
824 3589 871 3670 11,
891 3608 934 3679 9,
962 3581 985 3651 l.
1015 3580 1080 3671 43,
1111 3597 1195 3679 post
1226 3589 1374 3661 Παλλήνη
1401 3582 1574 3656 additur:

242 3711 408 3787 τούτωνδ’
437 3722 466 3797 ἐς
495 3718 685 3810 ἀμφοτέρους
712 3717 797 3809 pilia
825 3715 877 3791 ἦν·
900 3721 1062 3797 Πελληνεῖς
1076 3710 1111 3784 δὲ
1141 3707 1277 3810 Ᾱχαιῶν.
1307 3722 1355 3804 11,
1377 3742 1441 3805 22,
1475 3716 1500 3787 l.
1531 3717 1592 3789 23·

244 3847 354 3918 habet
395 3849 570 3943 Πειρᾶσιοι,
608 3848 776 3935 Θεσσαλοί,
811 3861 851 3916 ut
883 3846 1037 3942 Heringa
1069 3844 1285 3916 emendavit.
1316 3850 1358 3917 At
1385 3848 1461 3943 jam
1498 3873 1574 3921 non

241 3985 381 4068 poterat
398 3970 435 4040 in
457 3994 562 4040 usum
584 3984 751 4040 nostrum
768 3968 930 4039 converti
950 3966 1063 4038 codex
1081 3968 1419 4064 praestantissimus,
1438 3968 1574 4041 scholia

242 4119 316 4164 non
338 4093 449 4164 multa
467 4094 679 4182 continens,
699 4091 762 4163 scd
783 4117 823 4162 ea
838 4106 1001 4163 accurate
1016 4092 1147 4187 scripta
1166 4107 1201 4162 et
1219 4091 1401 4162 distinctis
1416 4093 1574 4189 plerum·

241 4241 312 4313 que
326 4217 437 4310 signis
455 4214 500 4285 ad
519 4238 583 4286 sua
601 4214 777 4285 vocabula
795 4216 831 4285 in
846 4213 1078 4310 Thucydidea
1096 4215 1258 4285 oratione
1281 4215 1399 4286 relata.

290 4339 495 4435 Adjecimus
510 4339 669 4411 indicem
690 4341 882 4410 nominum
905 4355 941 4410 et
966 4362 1106 4429 rerum,
1126 4363 1235 4435 quem
1260 4339 1328 4436 ipsi
1351 4339 1572 4433 collegimus.

484 4584 628 4683 valete,
647 4609 683 4666 et
698 4595 794 4664 curis
812 4593 964 4681 nostris,
987 4607 1027 4662 ut
1044 4591 1177 4680 facitis,
1194 4590 1318 4662 favete.

1214 4743 1249 4807 F.
1273 4743 1316 4808 D.

242 4861 449 4924 perimmensa
458 4858 578 4911 decembri
592 4859 750 4911 MDcccltL.

717 5133 1091 5168 ψ
