3676 5828
833 359 1047 423 romano.
1619 386 1639 427 v
1658 391 1664 406 ¹

240 492 354 565 latina
371 491 664 588 interpretatione
681 491 856 586 permissa
871 509 945 565 erat
962 493 1124 581 libertas,
1143 493 1268 564 eadem
1288 519 1364 565 non
1380 495 1419 564 in
1431 520 1542 590 graeca
1559 521 1637 568 ora·

241 615 344 686 tione
353 611 627 700 concedebatur,
636 611 922 707 legemquehanc
931 614 1037 685 nobis
1046 616 1547 711 imposueramus,utneultra
1555 620 1639 690 Bek-

242 736 370 814 lterum
389 736 547 831 sapuisse
571 733 752 804 vellemus.
769 739 887 830 Atque
907 736 945 806 id
964 735 1114 834 quidem
1133 736 1300 826 fecimus,
1321 739 1441 834 quoad
1461 740 1537 832 ejus
1560 740 1638 811 fieri

242 859 381 955 potuit,
398 872 566 952 tantaque
579 856 646 927 fuit
657 857 881 929 continentia
895 872 1035 940 nostra,
1049 873 1090 928 ut
1103 881 1148 927 ne
1161 857 1229 927 levi
1245 856 1393 954 quidem
1407 858 1544 930 indicio
1559 886 1640 957 pro·

243 980 427 1068 deremus,
445 1003 524 1075 quae
541 978 609 1075 ipsi
627 977 852 1049 emendanda
871 1003 1161 1076 reppereramus,
1175 980 1244 1049 nisi
1258 981 1296 1049 in
1310 980 1398 1050 locis
1421 981 1639 1076 quibusdam

242 1101 486 1198 paucissimis,
510 1099 574 1171 ubi
593 1100 701 1171 nobis
725 1099 802 1171 iieri
822 1125 898 1172 non
915 1126 1022 1198 posse
1038 1101 1238 1190 videbatur,
1257 1103 1346 1198 quin
1370 1118 1432 1173 aut
1451 1128 1472 1174 a
1491 1104 1640 1174 Bekkeri

242 1223 418 1320 scriptura
447 1221 674 1318 aliquantum
701 1221 966 1312 recederemus,
1000 1240 1063 1295 aut
1095 1225 1314 1295 sententiam
1340 1226 1638 1320 exprimeremus,

241 1372 321 1445 quae
344 1347 443 1419 nulla
465 1362 568 1418 esset.
590 1351 651 1436 Et,
667 1347 697 1417 si
717 1332 886 1444 'unquam
906 1348 1011 1436 alibi,
1035 1349 1074 1418 in
1101 1345 1234 1418 talibus
1259 1346 1347 1416 locis
1369 1347 1498 1418 vellem
1517 1349 1639 1419 minus

241 1471 442 1542 taciturnus
472 1469 597 1541 fuisset
628 1468 824 1558 Bekkerus,
852 1485 893 1541 ut
918 1471 1078 1559 sciretur,
1106 1484 1230 1540 utrum
1252 1468 1363 1539 modo
1391 1469 1440 1539 ob
1470 1468 1638 1540 codicum

240 1617 460 1665 consensum
480 1593 693 1691 scripturam
710 1606 917 1690 corruptam
937 1592 1126 1690 receperit,
1147 1615 1194 1663 an
1217 1592 1395 1689 putaverit
1420 1591 1497 1686 ejus
1518 1591 1639 1664 defen·

241 1715 368 1787 dendae
388 1730 424 1786 et
444 1714 663 1814 explicandae
675 1714 831 1810 aliquam
846 1715 1024 1784 rationem
1037 1737 1125 1785 esse.

289 1836 360 1908 Sed
375 1836 420 1908 de
431 1836 490 1909 his
502 1836 675 1908 omnibus
688 1835 894 1931 singulatim
906 1835 1042 1923 dicere,
1057 1858 1136 1931 quae
1148 1849 1210 1905 aut
1226 1832 1374 1932 paulum
1389 1835 1576 1906 immutata
1585 1835 1638 1905 in·

241 1974 452 2057 terpretatus
475 1985 573 2048 sum,
594 1974 656 2031 aut
679 1982 758 2055 quae
785 1956 877 2028 mihi
898 1959 1030 2030 rectius
1051 1956 1129 2028 aliis
1153 1955 1278 2028 videor
1303 1956 1536 2045 intellexisse,
1556 1957 1636 2028 lon·

238 2107 325 2177 gum
338 2097 392 2154 est
405 2097 441 2152 et
453 2080 500 2153 ab
512 2081 584 2152 hoc
598 2080 679 2153 loco
691 2080 869 2168 alienum;
885 2095 920 2152 et
932 2079 1072 2152 dicetur
1085 2077 1130 2151 de
1144 2078 1189 2148 iis
1203 2093 1238 2149 et
1252 2079 1398 2175 reliquis
1413 2080 1636 2152 emendatio·

238 2202 349 2272 nibus
364 2189 513 2289 nostris,
526 2225 679 2298 quarum
693 2200 755 2271 hic
774 2224 862 2271 usus
875 2224 952 2272 esse
966 2226 1042 2272 non
1057 2214 1212 2300 poterat,
1235 2201 1304 2271 alio
1323 2200 1404 2272 loco
1425 2203 1635 2273 accuratius.

237 2322 419 2395 Nonnulla
431 2338 550 2394 tamen
563 2322 718 2421 exempli
727 2347 833 2394 causa
839 2347 1058 2419 proponam,
1072 2347 1117 2393 ne
1130 2321 1189 2393 cui
1202 2322 1292 2392 mira
1304 2320 1493 2393 videantur
1502 2338 1563 2393 aut
1572 2347 1637 2421 per

238 2446 490 2541 negligentiam
510 2445 712 2516 commissa.
735 2443 947 2516 Difficillimi
965 2443 1035 2516 loci
1051 2444 1126 2515 duo
1150 2458 1255 2532 sunt,
1278 2444 1316 2514 in
1338 2444 1471 2540 quibus
1486 2470 1551 2540 ego
1572 2445 1636 2515 ali·

236 2567 329 2664 quid
349 2567 523 2639 excidisse
539 2581 674 2656 statu03
688 2591 815 2638 eorum
834 2564 923 2639 alter
936 2580 990 2636 est
1005 2564 1068 2636 lib.
1089 2566 1188 2653 VIII,
1210 2589 1286 2661 cap.
1303 2564 1349 2662 76
1371 2591 1379 2635 ε
1398 2568 1450 2634 καὶ
1465 2580 1513 2635 νῦν
1529 2573 1558 2647 ἐς
1572 2596 1636 2636 τοι·

235 2705 322 2761 οῦτον
339 2697 599 2780 καταστήσονται,
617 2688 682 2762 ubi
703 2690 807 2761 uncis
825 2688 964 2761 inclusa
984 2686 1108 2759 addidi
1134 2711 1192 2776 ea,
1213 2687 1292 2757 sine
1306 2687 1439 2783 quibus
1459 2690 1636 2760 sententia

235 2837 314 2885 uon
335 2812 525 2883 videbatur
544 2826 708 2885 constare
728 2836 845 2910 posse.
867 2811 963 2884 Alter
983 2809 1085 2883 locus
1107 2824 1161 2884 est
1182 2809 1246 2880 fib.
1262 2814 1309 2899 V,
1324 2833 1401 2908 cap.
1419 2809 1440 2881 3
1462 2826 1549 2882 extr.
1569 2816 1636 2908 περὶ

233 2932 378 3031 πατρίδος
395 2938 581 3023 βουλεύεσθε,
591 2938 628 3013 ἢν
645 2942 714 3031 μιᾶς
730 2939 797 3028 πέρι
817 2935 868 3003 καὶ
882 2941 911 3018 ίς
926 2937 996 3031 μίαν
1014 2939 1124 3022 βουλὴν
1140 2936 1291 3029 συχοῢσοίν
1308 2962 1341 3002 τα
1358 2936 1410 3002 καὶ
1425 2941 1465 3028 μὴ
1480 2939 1632 3029 κατορθώ-

234 3087 332 3128 σασαυ
357 3061 452 3144 ἔσται,
472 3056 537 3128 ubi
550 3057 636 3128 item
650 3055 740 3153 quid
752 3054 961 3126 addendum
982 3078 1166 3143 censeam,
1187 3055 1273 3125 satis
1294 3054 1462 3125 indicavi.
1485 3056 1636 3127 Facilior

233 3179 327 3249 ratio
347 3191 400 3248 est
420 3175 573 3246 aliorum
594 3175 704 3245 trium
722 3172 902 3263 locorum,
922 3198 1001 3270 quae
1020 3173 1110 3246 mihi
1133 3175 1305 3246 membris
1327 3176 1436 3272 paulo
1457 3178 1559 3248 aliter
1579 3177 1634 3248 di·

234 3299 375 3370 stinctis
384 3351 393 3387 ,
401 3321 512 3393 quam
523 3295 643 3369 adhue
655 3296 787 3367 factum
799 3309 872 3384 est,
884 3310 980 3366 recte
988 3293 1241 3393 interpretatus
1253 3295 1388 3366 videor.
1397 3300 1485 3365 Nam
1493 3296 1555 3367 lib.
1568 3301 1633 3387 III,

233 3446 314 3518 cap.
330 3419 392 3508 31,
408 3418 687 3516 impeditissima
698 3431 784 3501 sunt
797 3417 906 3488 verba
919 3417 1001 3489 illa:
1021 3416 1146 3511 (ἐλπίδα
1159 3414 1187 3487 δ’
1207 3415 1288 3487 εἶναι·
1305 3416 1400 3488 οὐδενὶ
1413 3417 1470 3514 γὰρ
1488 3421 1633 3500 ἀκουσίως

231 3546 377 3637 ἀφῖχθαι)
394 3545 445 3612 καὶ
466 3550 520 3620 τὴν
538 3536 683 3635 πρόσοδον
702 3545 814 3615 ταύτην
833 3542 977 3636 μεγίστην
995 3541 1084 3611 οὖσαν
1102 3539 1255 3617 lineatione
1277 3542 1313 3616 ἢν
1338 3545 1479 3634 lapillosi.
1493 3544 1632 3610 Horum

231 3668 359 3760 Poppo
377 3678 549 3760 quattuor
569 3661 771 3758 explicandi
790 3664 945 3734 rationes
962 3663 1168 3761 proposuit,
1188 3687 1342 3759 quarum
1363 3661 1499 3731 nullam
1515 3686 1632 3756 neque

230 3789 311 3884 ipse
321 3784 487 3882 probavit
499 3809 617 3881 neque
628 3784 719 3855 alius
727 3782 828 3855 facile
840 3784 1032 3882 quisquam
1043 3780 1338 3882 probaverit,qui
1351 3808 1427 3854 non
1439 3798 1500 3853 aut
1512 3782 1630 3853 verbis
1737 3794 1740 3801 ⁴

228 3911 306 3980 vim
319 3909 431 3979 facere
442 3922 504 3978 aut
516 3907 775 3978 sententiarum
788 3921 907 4002 aptam
921 3921 1135 3977 structuram
1145 3921 1348 4002 pervertere
1360 3905 1456 3977 velit.
1470 3908 1543 4001 Ego
1556 3929 1629 3975 ser·

228 4032 322 4102 vatis
336 4029 454 4101 verbis
467 4030 517 4100 ita
534 4043 575 4100 ut
589 4053 608 4098 a
627 4027 786 4099 Bekkero
806 4028 937 4123 scripta
956 4040 1057 4116 sunt,
1072 4049 1146 4098 una
1164 4026 1629 4124 parenthesis’signat01103

228 4166 399 4250 praeterea
412 4150 521 4222 rerba
532 4147 643 4221 ἐλπίδα
660 4147 688 4220 δ’
709 4146 783 4220 εἶναι
802 4163 920 4219 statuo
932 4173 997 4246 per
1011 4173 1049 4219 se
1061 4150 1272 4239 consistere,
1294 4149 1459 4246 aquibus
1471 4147 1629 4246 pendere

228 4275 322 4346 facio
334 4273 496 4345 membra
503 4271 594 4362 duo,
607 4296 686 4368 quae
698 4295 798 4343 more
813 4269 1236 4368 Thucydidioinaequalia
1247 4283 1352 4358 sunt;
1368 4292 1449 4364 spes
1457 4269 1555 4338 enim
1567 4293 1630 4364 po·

227 4394 366 4466 tiundae
384 4395 509 4483 loniae,
532 4392 577 4463 de
596 4417 667 4489 qua
684 4393 809 4488 agitur,
832 4390 973 4463 duabus
993 4392 1102 4463 rebus
1115 4394 1330 4479 continetur,
1353 4414 1506 4487 quarum
1519 4389 1629 4461 altera

227 4517 347 4615 posita
358 4517 396 4586 in
410 4515 503 4588 facto
518 4512 634 4611 (οὐδενὶ
645 4515 702 4611 γὰρ
721 4517 866 4596 ἀκουσίως
885 4516 1048 4608 ἀφῖχθαι),
1063 4513 1172 4585 altera
1185 4516 1222 4585 in
1241 4510 1404 4584 faciendo
1418 4513 1492 4582 sive
1504 4511 1629 4582 condi·

226 4641 334 4710 cione
354 4638 540 4726 conclusa,
554 4660 666 4733 eaque
681 4660 804 4705 rursus
822 4635 991 4731 bipertita
1004 4639 1039 4713 ἢν
1053 4640 1251 4731 ὑφέλωσο-καὶ
1263 4641 1328 4731 ἅμα
1344 4639 1379 4713 ἢν
1393 4633 1511 4711 δαπάνη
1527 4637 1630 4730 γίγασ-

224 4792 289 4831 ται.
300 4764 464 4847 Quorum
476 4760 723 4830 membrorum
732 4772 926 4854 utrumque
938 4783 1047 4855 perse
1056 4759 1239 4854 aptissime
1248 4780 1329 4827 cum
1339 4758 1457 4853 primo
1466 4755 1529 4826 illo
1538 4779 1626 4825 con·

221 4883 411 4978 jungatur,
431 4883 512 4978 quis
531 4883 630 4951 enim
649 4878 810 4951 offendat
829 4880 867 4949 in
888 4879 947 4949 his
970 4906 977 4948 :
999 4876 1109 4949 ἐλπίδα
1133 4877 1160 4948 δ’
1182 4877 1270 4948 εἶναι·
1291 4874 1387 4946 οὐδενὶ
1402 4878 1459 4973 γὰρ
1480 4877 1624 4956 ἀκουσίως

223 5008 362 5099 ἀφῖχθαι·
384 5020 418 5074 et
442 5032 449 5073 :
471 5002 581 5074 ἐλπίδα
599 5001 626 5074 δ’
648 5000 737 5090 εἶναι,
757 5000 963 5094 ἢν-ὑφίλυσιί
982 5006 1064 5072 IIaec
1083 5016 1203 5073 autem
1229 4999 1329 5096 quod
1355 4998 1518 5094 quamtis
1539 4999 1618 5067 inae·
