3676 5828
655 318 902 395 scfloLlA.v1,
929 328 1050 379 ιιι-ιτ.
1596 325 1649 379 ιοσ

54 455 145 509 σεσθαι
157 448 198 528 ὑφ’
214 449 307 517 ἑαυτῆς
323 443 368 504 καί
380 439 570 524 φθαρήσεσθαι,
585 440 669 524 ὥςπερ
684 443 831 525 φθείρεσθαι
875 477 915 487 -
929 442 1052 515 Αὐτόθεν]
1067 442 1146 521 ἤγουν
1162 445 1192 503 ἔκ
1204 447 1250 500 τοῦ
1265 440 1393 522 ἡμετέρου
1405 440 1496 503 τόπου.
1510 476 1549 487 -
1564 441 1653 523 Λόγῳ]

55 536 154 618 πέφυκε
170 535 216 593 καὶ
231 537 282 592 τῶν
301 529 431 608 σωμάτων
449 529 483 588 τά
497 529 582 589 πολλὰ
597 530 647 589 ὑπὸ
665 534 711 600 τῆς
730 528 828 611 ἀργίας.
875 529 959 610 λόγῳ,
972 531 1059 611 φησὶν,
1074 528 1166 607 ἕτοιμα
1180 520 1259 601 εἶναι,
1274 528 1506 600 ταῖς’δ’άληθείαις
1520 522 1652 592 οὐκεῖναι.

54 658 95 668 -
109 622 212 702 ’Ὦςπερ
226 620 272 680 καλ
290 619 354 677 άλλο
366 619 403 696 τι]
419 618 496 697 ἀργὸν
512 617 629 695 κείμενον
647 615 773 688 δηλονότι.
792 649 832 659 -
917 619 1020 677 XXIII.
1042 615 1170 688 Ἐνθένδε]
1189 616 1268 696 ἤγουν
1288 618 1339 676 άπὸ
1361 620 1412 674 τῶν
1438 617 1451 641 *
1472 616 1594 687 Ἀθηνῶν.
1615 651 1657 664 -

56 710 169 771 Πάντων
189 707 236 778 τήν
257 704 418 784 ἐπιστήμην]
439 704 498 776 ἤτοι
518 705 622 763 πάντων
641 709 693 763 τῶν
718 705 831 762 πολιτῶν
878 703 954 774 Πλήν
968 726 998 782 γε
1011 702 1074 783 πρὸς
1088 702 1118 761 τὸ
1132 702 1291 782 μάχιμον...]
1302 704 1365 785 πρὸς
1377 703 1424 780 μὲν
1438 702 1468 762 τὸ
1480 704 1597 783 μάχιμον
1612 705 1656 762 αθ·

26 819 41 857 b
56 797 105 869 τήν
116 796 262 872 ἐπιστήμην
275 790 501 865 ε’κλυθήσισθαι,ῆ
516 791 620 851 πάντων
633 795 684 849 τῶν
699 791 835 860 ἐπιτηδευ-
877 794 928 848 τῶν
942 790 988 848 καὶ
996 789 1027 848 τὸ
1035 790 1168 848 ὁπλιτικὸν
1177 791 1229 848 οὐδ’
1241 789 1306 857 όλως
1316 790 1446 867 δυνάμεθα
1456 790 1654 859 ἀντιτάξασθαι·
1669 815 1682 851 ε

56 884 156 962 μάτων.
171 918 211 927 -
224 882 278 942 Καὶ
289 880 319 939 τὸ
332 880 516 959 ἀμύνεσθαι...]
529 880 574 937 καὶ
585 879 615 937 τὸ
627 877 752 937 δύνασθαι
761 875 833 954 ἀμύ-
877 876 942 958 πρὸς
956 875 1029 936 δὲτὸ
1044 877 1113 936 άλλα
1127 877 1165 955 μι]
1180 876 1257 955 μόνον
1272 877 1298 946 ἔξ
1314 879 1371 937 ίσου
1389 878 1511 950 ἐκείνοις,
1527 877 1596 937 ἀλλὰ
1610 877 1654 937 κά·

56 978 150 1030 νασθαι
160 968 218 1036 τοθς
231 967 369 1044 πολεμίους
381 969 410 1025 ού
422 965 505 1045 λόγων
518 966 664 1043 κομπάσει,
679 965 736 1023 ἀλλ’
752 964 834 1044 ἔργων
880 963 1001 1042 μειζόνως
1010 964 1282 1046 παρασκευασώμεθα.
1295 965 1380 1032 άλλως
1389 963 1439 1046 γδιρ
1452 968 1481 1024 ού
1494 965 1655 1043 δυνησόμεθα

56 1058 120 1128 ἐξειν
132 1058 288 1135 μελέτη-
301 1077 323 1117 7.
334 1055 452 1115 Ἥκιστα
464 1054 591 1136 διαφόρως
602 1053 771 1131 πολιτιύωσι]
781 1052 837 1124 ἤκι-
879 1050 912 1109 τὸ
925 1050 973 1128 μὲν
987 1053 1069 1110 οέκεῐα
1084 1054 1226 1122 διασῶσαι,
1238 1055 1290 1111 τῶν
1302 1051 1330 1110 δὲ
1345 1054 1397 1110 ἐκεῖ
1413 1051 1578 1133 πραγμάτων
1590 1077 1653 1134 κρα-

57 1170 107 1205 στα
121 1149 250 1219 μεταθῶσι
263 1143 310 1215 τήν
324 1142 465 1213 πολιτείαν,
480 1141 567 1223 φησίν.
879 1143 967 1210 τῆσαι.
981 1142 1095 1200 -Τῶν
1109 1138 1167 1216 μέν]
1184 1139 1264 1217 ἤγουν
1279 1143 1329 1198 τῶν
1344 1139 1484 1218 πολεμίων.
1498 1175 1538 1186 -
1551 1162 1574 1201 2.
1593 1140 1657 1213 Οῦς]

14 1254 43 1292 ιο
99 1236 177 1295 XIX.
200 1231 330 1309 Ἔκείνου]
350 1236 395 1289 τοῦ
415 1229 588 1290 Ἀλκιόιάδου,
610 1264 650 1274 -
670 1250 693 1290 ε.
709 1227 772 1288 Ἀπὸ
789 1224 836 1304 μὲν
880 1226 960 1304 ἤγουν
977 1225 1037 1294 τοθς
1052 1227 1109 1286 καθ’
1124 1232 1194 1305 ἡμᾶς
1208 1227 1343 1295 πλέοντας.
1362 1249 1437 1287 -ε,
1453 1227 1515 1289 Ὀτι
1530 1227 1659 1308 ἐλάχιστα
1675 1248 1699 1285 ιο

56 1325 109 1381 τῶν
119 1325 204 1380 αὐτῶν
212 1320 309 1398 λόγων]
318 1318 375 1376 ἀντὶ
384 1324 428 1376 τοῦ
438 1319 491 1384 τοῖς
501 1319 587 1384 αὐτοῖς
595 1316 732 1398 χρώμενος
741 1318 836 1394 λόγοις.
881 1320 913 1394 τῇ
927 1313 996 1394 τύχῃ
1010 1314 1153 1396 παραδούς]
1170 1317 1253 1395 τύχην
1265 1315 1312 1388 τήν
1327 1316 1421 1375 ἐλπίδα
1434 1316 1513 1394 λέγει.
1530 1314 1660 1395 βούλομαι

97 1412 157 1471 XX.
179 1407 346 1486 Ξυνενέγκοι]
366 1407 475 1477 συντελῆ
499 1405 530 1464 ἂν
544 1405 594 1478 εἴη.
612 1440 652 1450 -
670 1425 692 1467 ε.
705 1404 770 1466 Ἐπὶ
786 1402 837 1485 γὰρ
881 1400 946 1482 γάρ,
961 1402 1049 1483 φησὶν,
1066 1405 1112 1462 οὐκ
1124 1403 1236 1477 ἔλπίσιν,
1251 1402 1319 1463 ἀλλά
1335 1409 1505 1484 παρασκευῇ,
1519 1405 1634 1484 θαρρεῖν.

56 1496 186 1574 πόλεις...]
211 1495 271 1554 καθ’
291 1492 448 1575 ῦπερὸατόν.
474 1494 517 1551 ἐπὶ
539 1492 590 1574 γάρ
610 1492 710 1566 πόλεις,
730 1495 766 1558 ὡς
786 1491 838 1569 ἐγώ
922 1491 1026 1551 XXIV.
1049 1493 1083 1551 E!
1111 1491 1282 1569 ἀναγκάζοιτο
1309 1491 1507 1572 στρατεύεσθαι]
1532 1491 1583 1550 ὑπὸ
1609 1495 1660 1550 τῶν

57 1588 125 1665 ἀκοῇ
139 1582 310 1659 αἰσθάνομαι,
326 1581 455 1660 μιλλομεν
469 1580 535 1639 ίίναι
546 1580 676 1659 μεγάλας,
688 1580 718 1639 τό
731 1572 764 1638 τέ
773 1581 839 1651 πλῆ-
883 1575 1022 1647 Ἀθηναίων
1035 1577 1153 1648 δηλονότι
1168 1582 1182 1636 δ
1194 1577 1338 1644 Νικίας-
1350 1599 1373 1638 ε.
1389 1578 1429 1638 Τὸ
1446 1577 1494 1655 μὲν
1509 1580 1662 1658 ἐπιθυμοῦν]

16 1688 44 1727 ιε
58 1679 115 1745 θος,
130 1676 165 1738 ὡς
179 1674 205 1729 ἐν
221 1680 269 1751 μιᾷ
283 1670 368 1752 νήσῳ,
380 1667 480 1735 πολλθις
490 1668 537 1736 τάς
549 1668 717 1741 Ἑλληνίδας.
733 1667 838 1735 -Ὡς
881 1662 961 1741 ἤγουν
974 1664 1022 1736 τήν
1040 1664 1190 1743 ἐπιθυμίαν.
1208 1700 1248 1710 -
1262 1664 1453 1745 Ἐξηρίθησαν]
1467 1663 1601 1734 ἐξέῦαλον.
1622 1701 1662 1711 -
1678 1687 1701 1725 ιε

57 1758 110 1838 ἐγώ
124 1763 190 1839 άκοῇ
205 1756 374 1835 αἰσθάνομαι]
388 1756 486 1835 άκριάῆ
498 1755 647 1836 κατάληψιν
658 1755 712 1835 ἔχω
725 1754 777 1814 ἀπὸ
787 1755 838 1836 φή-
883 1749 952 1811 Ὑπὸ
963 1757 1007 1810 τοῦ
1022 1750 1153 1831 ὀχλώδους
1163 1757 1209 1824 τῆς
1223 1754 1403 1834 παρασκευῆς]
1420 1754 1534 1833 ὀχλῶδες
1545 1753 1593 1830 μὲν
1603 1753 1662 1825 ἤτοι

59 1872 119 1925 μης.
135 1881 174 1890 -
189 1844 326 1923 Μεγάλας]
341 1845 420 1922 ἤγουν
439 1842 559 1924 ἰσχυράς.
574 1879 615 1889 -
627 1843 774 1915 Ὑπηκόονς
790 1845 837 1901 άλ-
882 1837 912 1898 τὸ
932 1839 1082 1919 περισκελές
1102 1840 1148 1899 καλ
1168 1840 1289 1920 ὀχληρὸν,
1311 1839 1464 1912 ῆτὸπολύ.
1483 1839 1554 1918 λίγιι
1574 1839 1601 1900 δὲ
1623 1840 1663 1900 δτι

59 1933 158 2010 λήλων]
170 1932 250 2009 ἤγουν
263 1929 456 2006 δεδουλωμένας
467 1929 603 2001 ἀλλήλαις.
615 1964 655 1974 -
666 1928 737 1991 Οὔτε
752 1930 840 2008 δεομέ·
882 1931 929 1998 τῆς
942 1933 988 1987 τοῦ
997 1930 1071 1987 πλεῖν
1086 1928 1223 2006 ἐπιθυμίας
1237 1931 1283 1987 οὐκ
1297 1927 1409 1988 ἔπαυσεν
1427 1927 1520 1996 αὐτοῦς
1536 1930 1566 1989 τὸ
1577 1931 1664 2009 ὀχλη-

59 2045 106 2087 νας
121 2018 279 2096 μεταῦολῆς]
292 2020 319 2076 αθ
331 2020 357 2076 ἐν
371 2017 482 2098 Σικελίφ
496 2016 583 2083 πολεις
596 2018 626 2074 οὖ
639 2016 740 2075 δίονται
752 2041 837 2095 μετα·
884 2017 928 2097 ρὸν
942 2021 988 2087 τῆς
999 2021 1176 2098 παρασκευῆς.
1191 2052 1231 2062 -
1241 2013 1404 2101 ’οχλώδους]
1418 2017 1607 2096 χαλεπότητος.
1621 2053 1664 2063 -

15 2119 48 2159 20
61 2108 153 2178 θολῆς,
166 2104 252 2186 ῶςπερ
266 2109 293 2162 αἱ
307 2103 370 2184 πρὸς
383 2103 442 2182 βίαν
455 2103 633 2165 δουλεύουσαι.
652 2140 693 2149 -
706 2124 729 2165 ³.
746 2101 840 2165 Ἀλλαι
884 2106 972 2184 Αὐτῷ]
985 2108 1023 2185 τῷ
1036 2103 1126 2185 Νικίφι.
1139 2140 1180 2150 -
1194 2103 1354 2165 Τυῦναντίον
1368 2103 1493 2186 περιέστη
1507 2107 1589 2185 αὐτῷ]
1605 2106 1662 2163 ἀντὶ
1676 2135 1702 2173 20

61 2194 125 2254 εἰσὶν
138 2193 245 2262 ἑπτά...]
259 2190 439 2271 Συράκουσαι,
455 2191 686 2265 Σελινοῦς,Γέλα,
699 2192 839 2274 Ἀκράγας,
883 2196 928 2249 τοῦ
950 2193 974 2249 οἱ
1002 2189 1112 2249 ἐναντίοι
1137 2189 1308 2273 παρεγίνοντο
1337 2194 1407 2273 αὐτῷ
1437 2191 1661 2272 συγκαταίροντες.

61 2278 206 2355 Μεσσήνη,
219 2276 322 2355 Ἱμέρα,
342 2277 497 2357 Καμάρινα.
521 2277 618 2346 ταύτας
634 2280 698 2360 φησὶ
711 2279 758 2347 τδις
773 2279 840 2338 ἔπτὰ
884 2312 924 2322 -
935 2297 957 2338 ε.
971 2275 1058 2358 Ἔρως
1067 2276 1171 2336 ἐνίπεσε
1181 2278 1233 2344 τοῖς
1246 2278 1369 2356 πᾶσιν...]
1380 2275 1500 2358 Ὅμηρος
1510 2279 1551 2356 [ll.
1560 2290 1592 2351 B,
1601 2279 1662 2357 εστ]

61 2365 221 2445 άντιμάχους
232 2363 320 2431 πόλεις
329 2365 382 2431 τοῖς
394 2365 535 2436 Ἀθηναίοις
545 2356 619 2425 εἶναι.
631 2368 738 2433 -Τοῖς
747 2369 839 2446 πᾶσιν]

61 2452 198 2536 πράγμασι
217 2451 345 2524 δηλονότι.
363 2487 402 2496 -
423 2473 444 2511 ι.
463 2452 509 2512 Ἐν
528 2454 581 2519 τοῖς
603 2456 689 2534 ἱεροῖς]
711 2454 791 2532 ἤγουν
807 2453 840 2512 τὸ

19 2542 143 2606 τεκοινά.
161 2540 216 2607 ἔθος
235 2539 285 2620 γδρ
302 2544 355 2606 τοῖς
375 2541 496 2606 παλαιοῖς
517 2538 551 2599 τὸ
571 2540 644 2600 κοινὰ
663 2542 790 2623 χρήματα
815 2545 841 2601 ἐν
885 2572 925 2582 -
938 2541 1001 2604 Τοῖς
1015 2537 1037 2596 δ’
1047 2539 1074 2595 ἐν
1086 2541 1118 2615 τῆ
1130 2536 1233 2618 ἡλικία]
1249 2537 1301 2595 άπὸ
1314 2542 1400 2596 κοινοῦ
1418 2537 1448 2596 τὸ
1466 2537 1530 2619 ἔρως
1544 2536 1663 2597 ἐνέπεσεν

60 2630 113 2694 τοῖς
135 2630 211 2707 ἱεροῖς
230 2626 372 2704 ταμιεύειν.
395 2661 434 2670 -
458 2627 513 2687 Καὶ
532 2627 584 2686 άπὸ
608 2629 747 2712 βαρῦάρων
765 2635 841 2689 τινῶν
885 2627 1036 2685 ἐκπλεῦσαι.
1056 2660 1097 2671 -
1111 2625 1278 2704 Ἀπούῦηςι-ι]
1293 2629 1349 2703 γῆς.
1368 2660 1408 2671 -
1431 2626 1510 2706 Πόθῳ
1523 2626 1605 2707 θ]εως
1620 2627 1704 2688 καίεο

62 2713 184 2794 άπαρχή]
200 2713 279 2788 ἤγουν
298 2713 387 2792 ἔχουσι
406 2712 482 2824 φόρον
501 2714 545 2772 καλ
562 2714 685 2796 ἄρχοντες
701 2717 841 2799 βαρὸάρων
886 2713 1004 2795 θεωρίας]
1021 2713 1051 2772 τὸ
1068 2714 1176 2794 θεωρίας
1194 2713 1252 2771 άντῖ
1268 2719 1313 2772 τοῦ
1327 2714 1442 2795 ἱστορίας
1458 2716 1555 2789 κεῖται,
1569 2714 1612 2773 ἵνα
1630 2706 1663 2795 ἤ,

61 2805 147 2860 τινῶν.
166 2836 207 2845 -
218 2791 271 2884 ᾯ]
286 2799 365 2876 ἤγουν
385 2800 411 2857 ἐν
426 2825 457 2880 ῳ.
473 2836 512 2845 -
526 2802 637 2883 Οἰκείῳ]
656 2803 736 2882 ἤγουν
750 2806 779 2863 ἐκ
796 2807 843 2876 τῆς
885 2805 1022 2868 ποθοῦντες
1035 2800 1082 2871 τήν
1098 2800 1248 2872 ἀλλοδαπήν
1264 2800 1308 2859 καλ
1324 2804 1387 2860 ἰδεῖν
1402 2801 1448 2861 καί
1463 2805 1609 2882 ἱστορῆσαι.
1625 2837 1665 2847 -

62 2888 160 2954 οἰκείας
171 2892 227 2965 γῆς.
242 2922 282 2931 -
296 2886 436 2966 Ἔπακτῷ]
452 2885 524 2967 ξένῳ.
887 2887 942 2949 Καί
957 2890 1129 2969 στρατιώτης]
1148 2890 1227 2967 ἤγουν
1246 2890 1277 2949 τὸ
1295 2891 1482 2971 στρατιωτικὸν
1496 2895 1603 2964 πλῆθος.
1625 2926 1665 2938 -

22 2998 51 3037 ευ
103 2978 177 3037 XXI.
200 2974 271 3053 Πρὸς
292 2966 335 3032 οῦν
352 2972 476 3045 τοιαύτην
497 2971 619 3056 δύναμιν]
640 2980 692 3033 τῶν
716 2979 842 3036 Σικελῶν.
887 2976 1017 3056 Ἀργύριον
1032 2977 1123 3056 οἴσειν]
1139 2977 1196 3036 α’ντλ
1209 2984 1255 3036 τοῦ
1270 2978 1424 3037 ἀποίσεσθαι
1435 2979 1480 3037 καί
1492 2980 1630 3059 λήψεσθαι.

63 3095 104 3109 ⁴-
116 3061 238 3141 Φαύλου]
254 3071 375 3141 σμικρᾶς.
388 3065 487 3138 φαῦλον
499 3061 529 3120 τὸ
541 3063 640 3121 θπλοῦν
650 3064 695 3122 καί
706 3063 842 3141 μονοειδές.
927 3065 1018 3123 XXV.
1042 3064 1096 3125 Καὶ
1113 3064 1310 3144 παρακαλέσας]
1332 3065 1389 3123 ἄντί
1402 3070 1448 3123 τοῦ
1464 3068 1479 3096 ⁴⁸
1496 3066 1664 3126 ἐπικελευσά-
1680 3109 1707 3151 30

64 3188 104 3197 -
123 3151 206 3219 Πεζὸν
224 3148 318 3227 πολύν]
337 3148 468 3228 χρήσιμον
489 3151 525 3216 είς
539 3148 586 3220 τήν
605 3150 712 3232 ἤπειρον
731 3153 841 3231 στρατὸν
888 3174 961 3229 μενος
973 3153 1053 3230 αὐτῷ.
1068 3187 1102 3196 -
1126 3172 1146 3210 ε.
1161 3150 1246 3210 Ἀκων
1265 3152 1324 3230 μέν]
1344 3152 1462 3233 περιττὸς
1479 3157 1493 3211 ό
1509 3152 1556 3231 μέν
1575 3153 1665 3212 σύνδε-

64 3237 193 3309 δηλονότι.
213 3272 254 3281 -
268 3239 325 3306 Τῆς
339 3235 462 3308 διανοίας]
477 3241 523 3296 τοῦ
539 3237 668 3318 ήμετίρου
683 3245 789 3300 σκοποῦ.
804 3276 844 3285 -
888 3261 960 3315 σμος.
975 3273 1015 3282 -
1027 3237 1135 3316 Μίντοι]
1151 3241 1164 3295 ό
1177 3237 1264 3315 μέντοι
1279 3239 1337 3298 ἀντὶ
1350 3246 1396 3297 τοῦ
1409 3238 1437 3298 δι’
1450 3247 1544 3300 κεῖται.
1558 3273 1598 3284 -
1609 3240 1665 3300 Λό-

65 3325 134 3386 Ὑπὸ
145 3322 246 3383 ἱππίων
262 3324 378 3401 πολλῶν]
391 3327 443 3382 τῶν
458 3326 575 3384 Σικελῶν
590 3326 718 3398 δηλονότι.
731 3362 772 3372 ·—
784 3328 844 3410 Εἷρ-
887 3326 945 3405 γον]
961 3323 1078 3405 ἀριθμόν.

24 3436 52 3476 τι
65 3417 156 3489 γεσθαι
167 3415 212 3481 τῆς
221 3412 279 3489 γῆς]
292 3414 338 3481 τῆς
348 3413 497 3485 Σικελικῆς.
507 3447 548 3457 -
557 3415 695 3473 Ξυστῶσιν
707 3418 734 3473 αἱ
745 3414 843 3487 πόλεις]
928 3415 1032 3473 XXVI.
1051 3432 1073 3472 ε.
1088 3410 1172 3493 Ἀρτι]
1187 3412 1267 3490 ἤγουν
1281 3416 1340 3472 τότε
1354 3413 1417 3485 ἤδη.
1432 3449 1473 3458 -
1486 3413 1549 3473 Ἀπὸ
1563 3419 1610 3486 τῆς
1622 3413 1667 3474 νό-

65 3498 220 3558 συνέλθωσιν
234 3499 262 3554 αἱ
272 3495 360 3564 πόλεις
372 3501 408 3565 εἰς
419 3498 508 3571 κοινήν
523 3500 652 3580 βοήθειαν.
665 3502 846 3576 -Φοόηθεῖ-
889 3501 947 3578 σου]
960 3500 1038 3577 ἤγουν
1052 3504 1098 3569 τῆς
1109 3499 1261 3577 λοιμώδους.
1274 3536 1314 3545 -
1325 3500 1573 3581 Ἐπιγεγενημάνης]
1587 3501 1666 3576 αὐξη-
1681 3551 1708 3591 ab

66 3593 120 3657 σαι]
141 3589 211 3661 ἡμᾶς
229 3583 357 3656 δηλονότι.
376 3618 418 3631 -
439 3586 494 3646 Καὶ
513 3585 550 3665 μὴ
568 3588 844 3670 άντιπαράσχωσιν...]
889 3587 983 3657 θείσης.
998 3622 1038 3631 -
1052 3585 1102 3646 Διὸ
1114 3586 1161 3659 τήν
1172 3587 1329 3669 ἐκεχειρίαν]
1339 3587 1398 3659 ἤτοι
1408 3587 1455 3659 τήν
1467 3588 1554 3648 άνεσιν
1563 3596 1609 3649 τοῦ
1617 3613 1666 3649 πο·

65 3671 112 3731 ἐὸν
126 3670 164 3748 μὴ
176 3671 336 3753 παράσχωσί
344 3696 411 3739 τινες
421 3677 484 3749 ἡμῖν
496 3675 604 3734 ἱππικὸν
617 3676 687 3757 φίλοι
698 3678 845 3756 γενόμενοι,
889 3675 978 3753 λίμου.

66 3759 158 3830 ἔξωθεν
168 3760 339 3839 Ἐγεσταίων.
348 3795 387 3805 -
396 3781 418 3820 ε.
435 3762 550 3843 Αίσχρὸν
560 3761 586 3821 δὲ
601 3765 752 3842 βιασθέντας
761 3767 846 3824 άπελ-
930 3763 1043 3824 XXVII.
1064 3760 1112 3821 Ἐν
1123 3759 1150 3819 δὲ
1159 3761 1253 3842 τούτῳ]
1261 3765 1299 3843 τῷ
1306 3767 1389 3844 καιρῷ
1401 3763 1527 3835 δηλονότι.
1539 3800 1579 3809 -
1587 3762 1669 3824 Ὀσοι

24 3873 54 3913 co
67 3853 130 3921 θεῖν]
147 3846 346 3930 ἔκκρουσθέντας
361 3848 479 3920 δηλονότι
492 3854 562 3927 ἡμᾶς
575 3855 621 3921 τῆς
632 3851 754 3920 Σικελίας
768 3855 846 3912 άπελ-
890 3850 993 3930 Ἑρμαῖ
1002 3840 1082 3927 ἤσαν]
1096 3849 1217 3930 περὶτῶν
1230 3849 1348 3930 Ἑρμῶν.
1364 3850 1454 3922 ἐπειδή
1467 3874 1532 3932 φασι
1544 3850 1588 3910 τὸν
1604 3851 1669 3932 Ἕρ-

67 3938 129 3996 θεῖν.
142 3972 183 3982 -
202 3936 327 4013 Αύτόθεν]
346 3934 426 4013 ήγονν
445 3938 475 3995 ἐκ
492 3942 537 3996 τοῦ
555 3937 682 4020 ήμετέρου
696 3938 786 4001 τόπου.
806 3975 847 3986 —
891 3942 943 4016 μῆν
953 3934 1030 4015 λόγου
1044 3935 1090 3994 καί
1103 3935 1224 4008 ἀληθείας
1235 3936 1325 4018 ἔφορον
1337 3928 1417 4011 εἶναι,
1429 3936 1473 3996 διὸ
1481 3946 1557 3999 τοῦτο
1568 3939 1670 4006 καὶτὸς
1683 3990 1710 4029 40

69 4024 215 4105 Ἀξιόχρεῳ]
239 4023 360 4103 ἀσφαλεῖ.
383 4058 423 4067 -
444 4022 508 4083 Ἀπὸ
526 4028 572 4096 τῆς
596 4025 725 4106 ἡμετέρας
748 4029 847 4106 αὐτῶν]
891 4024 992 4091 εἰκόνας
1000 4026 1079 4082 αὐτοῦ
1087 4023 1314 4105 τετραγώνουςκαλ
1322 4024 1669 4101 κυάοειδεῖςκατεσκεύαζον,

68 4111 148 4189 ἤγουν
162 4114 237 4188 ήμῶν
253 4112 347 4167 αὐτῶν.
365 4143 405 4154 -
419 4112 453 4169 Ii
471 4112 589 4189 κομιδαί]
609 4115 636 4171 αί
654 4114 777 4195 πορίσεις.
797 4117 848 4196 οὐχ
891 4111 1061 4189 αἰνιττόμενοι
1073 4110 1113 4169 ότι
1126 4110 1156 4168 τὸ
1169 4116 1285 4170 τοιοῦτον
1298 4115 1404 4191 σχῆμα,
1421 4112 1459 4193 ἐφ’
1474 4111 1571 4194 θμέρη
1586 4112 1669 4192 πίση,

68 4198 165 4276 ὁμοίως
186 4200 210 4256 εἰ
230 4196 338 4275 μίλλετε
361 4196 546 4276 στρατεύεσθαι
563 4199 607 4259 ἔπλ
626 4201 759 4274 Σικελίαν,
779 4195 848 4283 ἤπερ
890 4197 1054 4280 πανταχόθεν
1080 4196 1192 4277 βάσιμον
1211 4197 1258 4256 καλ
1286 4197 1371 4279 όρθιόν
1397 4200 1477 4259 ἐστιν.
1504 4198 1572 4259 οὕτω
1591 4200 1670 4259 καλό

26 4313 57 4354 ετ
70 4288 181 4346 ἐνταῦθα
195 4292 248 4351 τοῖς
261 4282 384 4356 ὑπηκόοις
395 4292 594 4365 συμμαχοῦντες
608 4268 790 4369 στρατεύεσθτι
800 4289 846 4350 ἐπί
890 4287 967 4366 λόγος
976 4286 1045 4358 καλή
1054 4285 1162 4357 ἀλήθεια
1169 4283 1247 4362 ὁμοία
1259 4286 1316 4345 ἐστὶ
1327 4285 1489 4366 πανταχόθεν
1497 4286 1564 4359 αὖτε]
1574 4289 1655 4367 ἑαυτῆ
1660 4333 1669 4361 ,

69 4396 142 4440 τινας
156 4374 184 4431 ού
197 4370 265 4430 πολὸ
284 4370 444 4450 ἀπέχοντας,
462 4368 525 4439 ῶςτε
540 4375 631 4458 ρφδίαν
650 4368 717 4436 εἶναι
734 4377 782 4448 τῆν
796 4381 848 4437 τῶν
891 4373 922 4433 τὸ
934 4374 1027 4456 ψεῦδος
1038 4371 1065 4431 δί
1079 4370 1209 4450 πολύχουν
1225 4371 1271 4430 καί
1285 4371 1441 4451 πολυσχιδὲς
1454 4372 1499 4431 καί
1516 4376 1601 4453 ἐαυτῷ
1616 4373 1667 4450 μά-
1684 4419 1712 4461 ⁴5

72 4459 221 4539 ἀναγκαίων
230 4456 413 4538 παρακομιδὴν
427 4461 456 4517 ἐκ
466 4463 512 4532 τῆς
521 4460 617 4529 οἰκείας
626 4468 684 4542 γῆς.
699 4499 738 4510 -
751 4463 850 4546 Ἀπαρ·
891 4463 970 4520 λιστα
991 4457 1155 4540 ἀσύμφωνον.
1175 4492 1215 4503 -
1236 4457 1313 4519 Κατὸ
1332 4458 1363 4519 τὸ
1380 4458 1531 4540 ἐπιχώριον]
1551 4460 1670 4532 δηλονότι

72 4547 208 4618 τήσαντες]
234 4544 292 4603 άντλ
319 4549 363 4602 τοῦ
385 4545 592 4627 άπαρτηθίντες,
615 4548 784 4625 ἀπελθόντες,
805 4552 851 4611 καί
896 4547 1012 4615 ἔθος.-
1027 4544 1229 4628 Περιεκόπησαν
1244 4544 1278 4603 τὸ
1290 4545 1427 4627 πρόςωπα]
1444 4545 1526 4606 ἱστίον
1538 4546 1577 4607 δτι
1591 4548 1670 4608 Παυ-

71 4631 138 4691 πολθ
150 4637 196 4703 τῆς
210 4630 306 4698 οἶκείας
316 4630 496 4710 χωρισθέντες.
899 4634 988 4703 σανίας
1000 4637 1067 4714 ἔντῆ
1079 4633 1289 4712 διαπεπονημίνῃ
1300 4637 1370 4714 αύτῷ
1382 4639 1434 4693 τῶν
1446 4635 1568 4693 Ἀττικῶν
1580 4633 1673 4711 δνομά·

29 4742 59 4780 ευ
112 4721 201 4780 XXII.
224 4717 388 4796 Ἀντίχωσιν]
404 4721 858 4808 άντιμάχωνται.-·Ἀπολαμάα-
901 4748 952 4784 των
966 4726 1104 4802 συναγωγῇ
1117 4721 1176 4788 τοὸς
1187 4720 1333 4800 τραχήλους
1344 4722 1389 4779 καί
1399 4719 1432 4779 τὸ
1446 4723 1530 4780 αἰδοῖα
1541 4720 1599 4787 τοθς
1609 4722 1675 4803 ‘Ep-

72 4807 188 4885 νώμεθα]
203 4807 487 4888 κρατηθῶμεν.-Τθι
499 4811 642 4885 ἐπιτήδεια]
655 4813 740 4891 ἤγουν
750 4817 863 4904 ἐφόδια,
908 4823 958 4894 μᾶς
978 4809 1147 4892 περικοπῆναί
1175 4832 1253 4889 φησι,
1279 4807 1324 4867 καλ
1345 4807 1403 4874 τοθς
1428 4814 1503 4867 τοῦτο
1531 4808 1715 4890 δράσαντας,0

73 4894 177 4973 ξήγυυν
187 4892 308 4973 βρώσῑμα
319 4890 482 4971 καλπόσῑμσ.
492 4931 532 4941 -
544 4900 633 4972 Πολλῆ
648 4895 791 4987 γὸροῦσα]
814 4910 870 4967 ἀν·
911 4899 1102 4983 Ἑρμοκοπίὸας
1118 4899 1262 4957 καλεῖσθαι.
1277 4930 1317 4940 —-
1334 4916 1356 4955 ε.
1377 4894 1509 4971 Μεγάλαις
1528 4894 1677 4974 μηνύτροις]

73 4982 211 5056 dmm,
227 4979 284 5039 ἀντὶ
295 4986 340 5038 τοῦ
351 4981 449 5051 πολλῆς
460 4980 509 5064 γάρ
521 4984 605 5060 ούσης.
618 5024 659 5034 -
673 4990 724 5066 Μῆ
741 4999 783 5067 ἐπ]
799 4998 875 5063 ἑτέ.
919 4991 1035 5073 μεγάλοις
1044 4988 1131 5066 δώροις
1141 4986 1183 5044 ἐπὶ
1196 4983 1312 5064 μηνύσει.
1324 5017 1364 5027 -
1374 4975 1467 5060 θῦσαι]
1479 4985 1503 5040 οἱ
1514 4981 1679 5052 ποιήσαντες.

74 5091 128 5154 ρνῑς
140 5067 267 5147 γίνεσθαι]
277 5066 333 5126 ἀντὶ
347 5072 391 5125 τοῦ
403 5068 440 5146 μή
452 5072 478 5128 ἐν
490 5072 575 5143 άλλοις
588 5077 657 5158 ἔχειν
671 5078 870 5144 dell-1²⁰
924 5117 962 5130 -
980 5080 1032 5141 Καὶ
1044 5074 1154 5157 προςίτι]
1171 5074 1214 5132 ἐπὶ
1226 5075 1263 5154 τῷ
1281 5072 1376 5144 ζητεῖν.
1390 5104 1430 5115 -
1443 5067 1589 5146 Ἀσέόημα]
1603 5069 1682 5146 ἤγουν

946 2419 1013 2466 Τοῖσι
1025 2416 1045 2465 δ’
1054 2416 1115 2480 άφαρ
1126 2415 1225 2479 πόλεμος
1236 2416 1337 2476 γλυκίων
1348 2417 1436 2478 γίνετο.
