<?xml version="1.0" encoding="UTF-8"?>
<!DOCTYPE html PUBLIC "-//W3C//DTD XHTML 1.0 Transitional//EN"
    "http://www.w3.org/TR/xhtml1/DTD/xhtml1-transitional.dtd">
<html xmlns="http://www.w3.org/1999/xhtml" xml:lang="en" lang="en">
 <head>
  <title>
</title>
<meta http-equiv="Content-Type" content="text/html;charset=utf-8" />
  <meta name='ocr-system' content='tesseract 3.04.00' />
  <meta name='ocr-capabilities' content='ocr_page ocr_carea ocr_par ocr_line ocrx_word'/>
</head>
<body>
  <div class='ocr_page' id='page_1' title='image "./historiabellipe00thucgoog_0561.png"; bbox 0 0 3676 5828; ppageno 0'>
   <div class='ocr_carea' id='block_1_1' title="bbox 279 1909 1694 5082">
    <p class='ocr_par' dir='ltr' id='par_1_1' title="bbox 279 1909 1694 4710">
     <span class='ocr_line' id='line_1_1' title="bbox 333 1909 1618 2013; baseline 0.004 -30"><span class='ocrx_word' id='word_1_1' title='bbox 333 1909 561 2008; x_wconf 81' lang='lat' dir='ltr'>Thucydides</span> <span class='ocrx_word' id='word_1_2' title='bbox 584 1935 698 2007; x_wconf 91' lang='lat' dir='ltr'>quum</span> <span class='ocrx_word' id='word_1_3' title='bbox 718 1933 791 2006; x_wconf 89' lang='lat' dir='ltr'>prae</span> <span class='ocrx_word' id='word_1_4' title='bbox 818 1910 943 1980; x_wconf 91' lang='lat' dir='ltr'>ceteris</span> <span class='ocrx_word' id='word_1_5' title='bbox 965 1911 1097 1981; x_wconf 85' lang='lat' dir='ltr'>Graecis</span> <span class='ocrx_word' id='word_1_6' title='bbox 1122 1911 1185 2007; x_wconf 92' lang='lat' dir='ltr'>qui</span> <span class='ocrx_word' id='word_1_7' title='bbox 1213 1909 1370 2007; x_wconf 78' lang='lat' dir='ltr'>pedestri</span> <span class='ocrx_word' id='word_1_8' title='bbox 1396 1916 1618 2013; x_wconf 91' lang='lat' dir='ltr'>scripserunt</span> 
     </span>
     <span class='ocr_line' id='line_1_2' title="bbox 285 2033 1616 2136; baseline 0.002 -28"><span class='ocrx_word' id='word_1_9' title='bbox 285 2038 466 2124; x_wconf 90' lang='lat' dir='ltr'>oratione,</span> <span class='ocrx_word' id='word_1_10' title='bbox 483 2035 716 2130; x_wconf 81' lang='lat' dir='ltr'>interpretem</span> <span class='ocrx_word' id='word_1_11' title='bbox 736 2033 909 2129; x_wconf 90' lang='lat' dir='ltr'>requirat,</span> <span class='ocrx_word' id='word_1_12' title='bbox 926 2047 1063 2103; x_wconf 87' lang='lat' dir='ltr'>veteres</span> <span class='ocrx_word' id='word_1_13' title='bbox 1080 2047 1200 2104; x_wconf 93' lang='lat' dir='ltr'>autem</span> <span class='ocrx_word' id='word_1_14' title='bbox 1221 2033 1421 2106; x_wconf 80' lang='lat' dir='ltr'>scholiastae</span> <span class='ocrx_word' id='word_1_15' title='bbox 1436 2038 1472 2108; x_wconf 93' lang='lat' dir='ltr'>in</span> <span class='ocrx_word' id='word_1_16' title='bbox 1493 2042 1616 2136; x_wconf 85' lang='lat' dir='ltr'>paucis</span> 
     </span>
     <span class='ocr_line' id='line_1_3' title="bbox 284 2154 1616 2258; baseline 0.002 -28"><span class='ocrx_word' id='word_1_17' title='bbox 284 2159 396 2232; x_wconf 94' lang='lat' dir='ltr'>modo</span> <span class='ocrx_word' id='word_1_18' title='bbox 414 2156 637 2231; x_wconf 84' lang='lat' dir='ltr'>editionibus</span> <span class='ocrx_word' id='word_1_19' title='bbox 654 2155 857 2227; x_wconf 85' lang='lat' dir='ltr'>habeantur</span> <span class='ocrx_word' id='word_1_20' title='bbox 874 2155 929 2226; x_wconf 88' lang='lat' dir='ltr'>vel</span> <span class='ocrx_word' id='word_1_21' title='bbox 955 2156 1041 2226; x_wconf 89' lang='lat' dir='ltr'>raris</span> <span class='ocrx_word' id='word_1_22' title='bbox 1068 2154 1180 2227; x_wconf 92' lang='lat' dir='ltr'>hodie</span> <span class='ocrx_word' id='word_1_23' title='bbox 1198 2156 1253 2227; x_wconf 82' lang='lat' dir='ltr'>vel</span> <span class='ocrx_word' id='word_1_24' title='bbox 1274 2181 1404 2253; x_wconf 88' lang='lat' dir='ltr'>magno</span> <span class='ocrx_word' id='word_1_25' title='bbox 1422 2164 1616 2258; x_wconf 90' lang='lat' dir='ltr'>prostanti-</span> 
     </span>
     <span class='ocr_line' id='line_1_4' title="bbox 283 2276 1617 2380; baseline 0.001 -27"><span class='ocrx_word' id='word_1_26' title='bbox 283 2282 371 2372; x_wconf 89' lang='lat' dir='ltr'>bus,</span> <span class='ocrx_word' id='word_1_27' title='bbox 394 2281 431 2351; x_wconf 93' lang='lat' dir='ltr'>in</span> <span class='ocrx_word' id='word_1_28' title='bbox 449 2284 612 2350; x_wconf 88' lang='lat' dir='ltr'>Vestram</span> <span class='ocrx_word' id='word_1_29' title='bbox 628 2277 777 2372; x_wconf 84' lang='lat' dir='ltr'>gratiam</span> <span class='ocrx_word' id='word_1_30' title='bbox 796 2277 932 2347; x_wconf 82' lang='lat' dir='ltr'>scholia</span> <span class='ocrx_word' id='word_1_31' title='bbox 947 2293 1071 2348; x_wconf 86' lang='lat' dir='ltr'>vetera</span> <span class='ocrx_word' id='word_1_32' title='bbox 1088 2276 1290 2374; x_wconf 82' lang='lat' dir='ltr'>Thucydidi</span> <span class='ocrx_word' id='word_1_33' title='bbox 1318 2295 1445 2353; x_wconf 88' lang='lat' dir='ltr'>nostro</span> <span class='ocrx_word' id='word_1_34' title='bbox 1466 2283 1617 2380; x_wconf 87' lang='lat' dir='ltr'>subjun-</span> 
     </span>
     <span class='ocr_line' id='line_1_5' title="bbox 282 2399 1617 2500; baseline 0.002 -25"><span class='ocrx_word' id='word_1_35' title='bbox 282 2429 364 2500; x_wconf 84' lang='lat' dir='ltr'>gere</span> <span class='ocrx_word' id='word_1_36' title='bbox 379 2402 615 2474; x_wconf 87' lang='lat' dir='ltr'>decrevimus.</span> <span class='ocrx_word' id='word_1_37' title='bbox 635 2403 717 2471; x_wconf 84' lang='lat' dir='ltr'>Haec</span> <span class='ocrx_word' id='word_1_38' title='bbox 737 2399 942 2470; x_wconf 84' lang='lat' dir='ltr'>difficilium</span> <span class='ocrx_word' id='word_1_39' title='bbox 963 2401 1128 2472; x_wconf 90' lang='lat' dir='ltr'>locorum</span> <span class='ocrx_word' id='word_1_40' title='bbox 1143 2415 1281 2498; x_wconf 92' lang='lat' dir='ltr'>partem</span> <span class='ocrx_word' id='word_1_41' title='bbox 1296 2427 1461 2499; x_wconf 90' lang='lat' dir='ltr'>magnam</span> <span class='ocrx_word' id='word_1_42' title='bbox 1481 2406 1617 2478; x_wconf 91' lang='lat' dir='ltr'>utiliter</span> 
     </span>
     <span class='ocr_line' id='line_1_6' title="bbox 283 2522 1616 2624; baseline 0.002 -28"><span class='ocrx_word' id='word_1_43' title='bbox 283 2523 560 2622; x_wconf 85' lang='lat' dir='ltr'>explanabunt:</span> <span class='ocrx_word' id='word_1_44' title='bbox 589 2524 652 2595; x_wconf 91' lang='lat' dir='ltr'>sed</span> <span class='ocrx_word' id='word_1_45' title='bbox 675 2522 851 2594; x_wconf 92' lang='lat' dir='ltr'>monendi</span> <span class='ocrx_word' id='word_1_46' title='bbox 887 2523 1062 2614; x_wconf 88' lang='lat' dir='ltr'>estis,·ut</span> <span class='ocrx_word' id='word_1_47' title='bbox 1095 2526 1132 2594; x_wconf 93' lang='lat' dir='ltr'>in</span> <span class='ocrx_word' id='word_1_48' title='bbox 1165 2523 1316 2621; x_wconf 89' lang='lat' dir='ltr'>legenda</span> <span class='ocrx_word' id='word_1_49' title='bbox 1341 2524 1410 2598; x_wconf 88' lang='lat' dir='ltr'>hac</span> <span class='ocrx_word' id='word_1_50' title='bbox 1442 2527 1616 2624; x_wconf 88' lang='lat' dir='ltr'>farragine</span> 
     </span>
     <span class='ocr_line' id='line_1_7' title="bbox 283 2647 1617 2743; baseline 0.001 -22"><span class='ocrx_word' id='word_1_51' title='bbox 283 2650 438 2721; x_wconf 89' lang='lat' dir='ltr'>utamini</span> <span class='ocrx_word' id='word_1_52' title='bbox 453 2649 622 2720; x_wconf 88' lang='lat' dir='ltr'>cautione</span> <span class='ocrx_word' id='word_1_53' title='bbox 645 2649 807 2720; x_wconf 88' lang='lat' dir='ltr'>maxima.</span> <span class='ocrx_word' id='word_1_54' title='bbox 830 2652 918 2719; x_wconf 90' lang='lat' dir='ltr'>Nam</span> <span class='ocrx_word' id='word_1_55' title='bbox 940 2647 1132 2720; x_wconf 91' lang='lat' dir='ltr'>doctorum</span> <span class='ocrx_word' id='word_1_56' title='bbox 1150 2651 1466 2743; x_wconf 91' lang='lat' dir='ltr'>grammaticorum</span> <span class='ocrx_word' id='word_1_57' title='bbox 1484 2668 1521 2723; x_wconf 92' lang='lat' dir='ltr'>et</span> <span class='ocrx_word' id='word_1_58' title='bbox 1537 2651 1617 2724; x_wconf 90' lang='lat' dir='ltr'>rbe-</span> 
     </span>
     <span class='ocr_line' id='line_1_8' title="bbox 282 2770 1615 2872; baseline 0.004 -30"><span class='ocrx_word' id='word_1_59' title='bbox 282 2788 404 2843; x_wconf 90' lang='lat' dir='ltr'>torum</span> <span class='ocrx_word' id='word_1_60' title='bbox 420 2773 551 2869; x_wconf 92' lang='lat' dir='ltr'>scripta</span> <span class='ocrx_word' id='word_1_61' title='bbox 567 2770 815 2867; x_wconf 85' lang='lat' dir='ltr'>Thucydidem</span> <span class='ocrx_word' id='word_1_62' title='bbox 830 2771 1063 2861; x_wconf 81' lang='lat' dir='ltr'>illustrantia,</span> <span class='ocrx_word' id='word_1_63' title='bbox 1083 2771 1182 2842; x_wconf 88' lang='lat' dir='ltr'>velut</span> <span class='ocrx_word' id='word_1_64' title='bbox 1202 2771 1353 2867; x_wconf 81' lang='lat' dir='ltr'>hntylli,</span> <span class='ocrx_word' id='word_1_65' title='bbox 1377 2774 1615 2872; x_wconf 79' lang='lat' dir='ltr'>Asclepiadae‚</span> 
     </span>
     <span class='ocr_line' id='line_1_9' title="bbox 281 2892 1615 2993; baseline 0.004 -31"><span class='ocrx_word' id='word_1_66' title='bbox 281 2892 446 2989; x_wconf 85' lang='lat' dir='ltr'>Didymi,</span> <span class='ocrx_word' id='word_1_67' title='bbox 474 2897 660 2990; x_wconf 84' lang='lat' dir='ltr'>Evagorae,</span> <span class='ocrx_word' id='word_1_68' title='bbox 689 2894 874 2971; x_wconf 85' lang='lat' dir='ltr'>Numenii.</span> <span class='ocrx_word' id='word_1_69' title='bbox 906 2892 1217 2982; x_wconf 89' lang='lat' dir='ltr'>Phoebammonis,</span> <span class='ocrx_word' id='word_1_70' title='bbox 1254 2893 1397 2984; x_wconf 89' lang='lat' dir='ltr'>Sabini,</span> <span class='ocrx_word' id='word_1_71' title='bbox 1429 2897 1615 2993; x_wconf 90' lang='lat' dir='ltr'>perierunt</span> 
     </span>
     <span class='ocr_line' id='line_1_10' title="bbox 281 3015 1616 3117; baseline 0.002 -30"><span class='ocrx_word' id='word_1_72' title='bbox 281 3018 467 3105; x_wconf 87' lang='lat' dir='ltr'>universa;</span> <span class='ocrx_word' id='word_1_73' title='bbox 490 3031 525 3088; x_wconf 91' lang='lat' dir='ltr'>et</span> <span class='ocrx_word' id='word_1_74' title='bbox 544 3032 676 3088; x_wconf 88' lang='lat' dir='ltr'>nostrae</span> <span class='ocrx_word' id='word_1_75' title='bbox 703 3015 927 3087; x_wconf 89' lang='lat' dir='ltr'>collectionis</span> <span class='ocrx_word' id='word_1_76' title='bbox 946 3041 1029 3114; x_wconf 94' lang='lat' dir='ltr'>pars</span> <span class='ocrx_word' id='word_1_77' title='bbox 1053 3015 1131 3107; x_wconf 90' lang='lat' dir='ltr'>illa,</span> <span class='ocrx_word' id='word_1_78' title='bbox 1150 3041 1231 3113; x_wconf 86' lang='lat' dir='ltr'>quae</span> <span class='ocrx_word' id='word_1_79' title='bbox 1248 3016 1364 3089; x_wconf 86' lang='lat' dir='ltr'>doctae</span> <span class='ocrx_word' id='word_1_80' title='bbox 1389 3020 1616 3117; x_wconf 90' lang='lat' dir='ltr'>antiquitatis</span> 
     </span>
     <span class='ocr_line' id='line_1_11' title="bbox 282 3137 1613 3237; baseline 0.001 -28"><span class='ocrx_word' id='word_1_81' title='bbox 282 3139 426 3233; x_wconf 84' lang='lat' dir='ltr'>vestigia</span> <span class='ocrx_word' id='word_1_82' title='bbox 445 3137 622 3227; x_wconf 87' lang='lat' dir='ltr'>ostendit,</span> <span class='ocrx_word' id='word_1_83' title='bbox 640 3152 745 3208; x_wconf 88' lang='lat' dir='ltr'>aucta</span> <span class='ocrx_word' id='word_1_84' title='bbox 758 3152 793 3209; x_wconf 92' lang='lat' dir='ltr'>et</span> <span class='ocrx_word' id='word_1_85' title='bbox 807 3138 1022 3235; x_wconf 92' lang='lat' dir='ltr'>interpolata</span> <span class='ocrx_word' id='word_1_86' title='bbox 1036 3153 1090 3209; x_wconf 92' lang='lat' dir='ltr'>est</span> <span class='ocrx_word' id='word_1_87' title='bbox 1105 3138 1243 3235; x_wconf 87' lang='lat' dir='ltr'>ingenti</span> <span class='ocrx_word' id='word_1_88' title='bbox 1258 3139 1362 3237; x_wconf 91' lang='lat' dir='ltr'>copia</span> <span class='ocrx_word' id='word_1_89' title='bbox 1381 3141 1613 3212; x_wconf 90' lang='lat' dir='ltr'>notationum</span> 
     </span>
     <span class='ocr_line' id='line_1_12' title="bbox 281 3236 1615 3357; baseline 0.001 -26"><span class='ocrx_word' id='word_1_90' title='bbox 281 3236 337 3331; x_wconf 86' lang='lat' dir='ltr'>vix</span> <span class='ocrx_word' id='word_1_91' title='bbox 354 3261 475 3357; x_wconf 91' lang='lat' dir='ltr'>pueris</span> <span class='ocrx_word' id='word_1_92' title='bbox 499 3261 794 3350; x_wconf 89' lang='lat' dir='ltr'>necessariarum,</span> <span class='ocrx_word' id='word_1_93' title='bbox 812 3259 989 3350; x_wconf 88' lang='lat' dir='ltr'>futilium,</span> <span class='ocrx_word' id='word_1_94' title='bbox 1003 3276 1113 3357; x_wconf 90' lang='lat' dir='ltr'>atque</span> <span class='ocrx_word' id='word_1_95' title='bbox 1127 3261 1234 3331; x_wconf 91' lang='lat' dir='ltr'>etiam</span> <span class='ocrx_word' id='word_1_96' title='bbox 1251 3261 1431 3332; x_wconf 87' lang='lat' dir='ltr'>falsarum.</span> <span class='ocrx_word' id='word_1_97' title='bbox 1455 3267 1615 3333; x_wconf 88' lang='lat' dir='ltr'>Fuerunt</span> 
     </span>
     <span class='ocr_line' id='line_1_13' title="bbox 281 3383 1614 3484; baseline 0.002 -29"><span class='ocrx_word' id='word_1_98' title='bbox 281 3385 379 3455; x_wconf 90' lang='lat' dir='ltr'>enim</span> <span class='ocrx_word' id='word_1_99' title='bbox 408 3385 566 3478; x_wconf 87' lang='lat' dir='ltr'>magistri</span> <span class='ocrx_word' id='word_1_100' title='bbox 592 3384 763 3475; x_wconf 76' lang='lat' dir='ltr'>Graeculi,</span> <span class='ocrx_word' id='word_1_101' title='bbox 779 3383 919 3480; x_wconf 90' lang='lat' dir='ltr'>singula</span> <span class='ocrx_word' id='word_1_102' title='bbox 937 3383 1046 3456; x_wconf 85' lang='lat' dir='ltr'>verba</span> <span class='ocrx_word' id='word_1_103' title='bbox 1064 3399 1127 3455; x_wconf 91' lang='lat' dir='ltr'>aut</span> <span class='ocrx_word' id='word_1_104' title='bbox 1151 3384 1300 3482; x_wconf 89' lang='lat' dir='ltr'>phrases</span> <span class='ocrx_word' id='word_1_105' title='bbox 1328 3385 1486 3482; x_wconf 91' lang='lat' dir='ltr'>singulas</span> <span class='ocrx_word' id='word_1_106' title='bbox 1503 3386 1614 3484; x_wconf 92' lang='lat' dir='ltr'>expli·</span> 
     </span>
     <span class='ocr_line' id='line_1_14' title="bbox 281 3507 1611 3606; baseline 0.002 -28"><span class='ocrx_word' id='word_1_107' title='bbox 281 3507 398 3578; x_wconf 89' lang='lat' dir='ltr'>cuisse</span> <span class='ocrx_word' id='word_1_108' title='bbox 418 3508 598 3598; x_wconf 90' lang='lat' dir='ltr'>contenti,</span> <span class='ocrx_word' id='word_1_109' title='bbox 618 3521 777 3579; x_wconf 89' lang='lat' dir='ltr'>mentem</span> <span class='ocrx_word' id='word_1_110' title='bbox 800 3508 985 3603; x_wconf 88' lang='lat' dir='ltr'>scriptoris</span> <span class='ocrx_word' id='word_1_111' title='bbox 1003 3522 1040 3577; x_wconf 90' lang='lat' dir='ltr'>et</span> <span class='ocrx_word' id='word_1_112' title='bbox 1062 3531 1182 3579; x_wconf 90' lang='lat' dir='ltr'>rerum</span> <span class='ocrx_word' id='word_1_113' title='bbox 1203 3509 1536 3606; x_wconf 90' lang='lat' dir='ltr'>sententiarumque</span> <span class='ocrx_word' id='word_1_114' title='bbox 1559 3525 1611 3580; x_wconf 90' lang='lat' dir='ltr'>te·</span> 
     </span>
     <span class='ocr_line' id='line_1_15' title="bbox 281 3630 1612 3728; baseline 0.004 -29"><span class='ocrx_word' id='word_1_115' title='bbox 281 3653 409 3700; x_wconf 90' lang='lat' dir='ltr'>norem</span> <span class='ocrx_word' id='word_1_116' title='bbox 438 3630 588 3701; x_wconf 89' lang='lat' dir='ltr'>minime</span> <span class='ocrx_word' id='word_1_117' title='bbox 614 3646 806 3702; x_wconf 88' lang='lat' dir='ltr'>curantes:</span> <span class='ocrx_word' id='word_1_118' title='bbox 825 3654 936 3727; x_wconf 85' lang='lat' dir='ltr'>quare</span> <span class='ocrx_word' id='word_1_119' title='bbox 960 3631 1155 3728; x_wconf 86' lang='lat' dir='ltr'>saepissime</span> <span class='ocrx_word' id='word_1_120' title='bbox 1183 3631 1332 3720; x_wconf 88' lang='lat' dir='ltr'>accidit,</span> <span class='ocrx_word' id='word_1_121' title='bbox 1363 3647 1404 3702; x_wconf 92' lang='lat' dir='ltr'>ut</span> <span class='ocrx_word' id='word_1_122' title='bbox 1428 3656 1534 3704; x_wconf 89' lang='lat' dir='ltr'>voces</span> <span class='ocrx_word' id='word_1_123' title='bbox 1557 3632 1612 3704; x_wconf 90' lang='lat' dir='ltr'>di·</span> 
     </span>
     <span class='ocr_line' id='line_1_16' title="bbox 281 3750 1612 3850; baseline 0.005 -29"><span class='ocrx_word' id='word_1_124' title='bbox 281 3750 482 3840; x_wconf 84' lang='lat' dir='ltr'>ctionesve,</span> <span class='ocrx_word' id='word_1_125' title='bbox 505 3752 535 3821; x_wconf 90' lang='lat' dir='ltr'>si</span> <span class='ocrx_word' id='word_1_126' title='bbox 553 3776 673 3847; x_wconf 89' lang='lat' dir='ltr'>perse</span> <span class='ocrx_word' id='word_1_127' title='bbox 695 3767 850 3849; x_wconf 89' lang='lat' dir='ltr'>spectes,</span> <span class='ocrx_word' id='word_1_128' title='bbox 870 3751 1104 3824; x_wconf 90' lang='lat' dir='ltr'>tolerabiliter</span> <span class='ocrx_word' id='word_1_129' title='bbox 1121 3769 1370 3850; x_wconf 88' lang='lat' dir='ltr'>exponantur;</span> <span class='ocrx_word' id='word_1_130' title='bbox 1390 3757 1419 3826; x_wconf 96' lang='lat' dir='ltr'>si</span> <span class='ocrx_word' id='word_1_131' title='bbox 1435 3757 1612 3827; x_wconf 90' lang='lat' dir='ltr'>rationem</span> 
     </span>
     <span class='ocr_line' id='line_1_17' title="bbox 280 3872 1694 3974; baseline 0.006 -32"><span class='ocrx_word' id='word_1_132' title='bbox 280 3874 391 3944; x_wconf 90' lang='lat' dir='ltr'>totius</span> <span class='ocrx_word' id='word_1_133' title='bbox 406 3873 494 3962; x_wconf 92' lang='lat' dir='ltr'>loci,</span> <span class='ocrx_word' id='word_1_134' title='bbox 512 3872 600 3945; x_wconf 87' lang='lat' dir='ltr'>falso</span> <span class='ocrx_word' id='word_1_135' title='bbox 614 3888 650 3945; x_wconf 89' lang='lat' dir='ltr'>et</span> <span class='ocrx_word' id='word_1_136' title='bbox 664 3874 796 3971; x_wconf 90' lang='lat' dir='ltr'>inepte.</span> <span class='ocrx_word' id='word_1_137' title='bbox 817 3875 932 3945; x_wconf 84' lang='lat' dir='ltr'>Etiam</span> <span class='ocrx_word' id='word_1_138' title='bbox 947 3873 985 3944; x_wconf 90' lang='lat' dir='ltr'>in</span> <span class='ocrx_word' id='word_1_139' title='bbox 1001 3898 1122 3945; x_wconf 91' lang='lat' dir='ltr'>rerum</span> <span class='ocrx_word' id='word_1_140' title='bbox 1134 3889 1314 3970; x_wconf 90' lang='lat' dir='ltr'>gestarum</span> <span class='ocrx_word' id='word_1_141' title='bbox 1329 3891 1366 3947; x_wconf 90' lang='lat' dir='ltr'>et</span> <span class='ocrx_word' id='word_1_142' title='bbox 1385 3879 1611 3974; x_wconf 90' lang='lat' dir='ltr'>antiquitatis</span> <span class='ocrx_word' id='word_1_143' title='bbox 1688 3883 1694 3894; x_wconf 88' lang='lat'>&#39;</span> 
     </span>
     <span class='ocr_line' id='line_1_18' title="bbox 280 3996 1609 4096; baseline 0.005 -31"><span class='ocrx_word' id='word_1_144' title='bbox 280 3996 531 4093; x_wconf 83' lang='lat' dir='ltr'>explanatione</span> <span class='ocrx_word' id='word_1_145' title='bbox 552 3997 707 4068; x_wconf 90' lang='lat' dir='ltr'>absurda</span> <span class='ocrx_word' id='word_1_146' title='bbox 736 3997 901 4094; x_wconf 81' lang='lat' dir='ltr'>quaedam</span> <span class='ocrx_word' id='word_1_147' title='bbox 920 3997 967 4069; x_wconf 91' lang='lat' dir='ltr'>ab</span> <span class='ocrx_word' id='word_1_148' title='bbox 988 3999 1135 4069; x_wconf 86' lang='lat' dir='ltr'>novitiis</span> <span class='ocrx_word' id='word_1_149' title='bbox 1164 3999 1233 4070; x_wconf 91' lang='lat' dir='ltr'>illis</span> <span class='ocrx_word' id='word_1_150' title='bbox 1256 4014 1293 4070; x_wconf 90' lang='lat' dir='ltr'>et</span> <span class='ocrx_word' id='word_1_151' title='bbox 1318 3999 1477 4071; x_wconf 89' lang='lat' dir='ltr'>indoctis</span> <span class='ocrx_word' id='word_1_152' title='bbox 1499 4003 1609 4096; x_wconf 91' lang='lat' dir='ltr'>magi-</span> 
     </span>
     <span class='ocr_line' id='line_1_19' title="bbox 281 4119 1611 4218; baseline 0.005 -29"><span class='ocrx_word' id='word_1_153' title='bbox 281 4120 364 4189; x_wconf 88' lang='lat' dir='ltr'>stris</span> <span class='ocrx_word' id='word_1_154' title='bbox 377 4119 535 4215; x_wconf 87' lang='lat' dir='ltr'>profecta</span> <span class='ocrx_word' id='word_1_155' title='bbox 550 4134 648 4208; x_wconf 88' lang='lat' dir='ltr'>sunt,</span> <span class='ocrx_word' id='word_1_156' title='bbox 660 4145 818 4217; x_wconf 90' lang='lat' dir='ltr'>quorum</span> <span class='ocrx_word' id='word_1_157' title='bbox 833 4134 971 4218; x_wconf 92' lang='lat' dir='ltr'>partem</span> <span class='ocrx_word' id='word_1_158' title='bbox 982 4121 1058 4218; x_wconf 88' lang='lat' dir='ltr'>jam</span> <span class='ocrx_word' id='word_1_159' title='bbox 1073 4123 1110 4192; x_wconf 94' lang='lat' dir='ltr'>in</span> <span class='ocrx_word' id='word_1_160' title='bbox 1127 4120 1336 4193; x_wconf 91' lang='lat' dir='ltr'>duodecimi</span> <span class='ocrx_word' id='word_1_161' title='bbox 1351 4121 1471 4193; x_wconf 84' lang='lat' dir='ltr'>saeculi</span> <span class='ocrx_word' id='word_1_162' title='bbox 1486 4122 1611 4196; x_wconf 91' lang='lat' dir='ltr'>codice</span> 
     </span>
     <span class='ocr_line' id='line_1_20' title="bbox 281 4241 1609 4341; baseline 0.005 -30"><span class='ocrx_word' id='word_1_163' title='bbox 281 4241 516 4339; x_wconf 89' lang='lat' dir='ltr'>deprehendi.</span> <span class='ocrx_word' id='word_1_164' title='bbox 535 4242 590 4313; x_wconf 89' lang='lat' dir='ltr'>Ab</span> <span class='ocrx_word' id='word_1_165' title='bbox 607 4242 662 4313; x_wconf 93' lang='lat' dir='ltr'>his</span> <span class='ocrx_word' id='word_1_166' title='bbox 679 4245 786 4338; x_wconf 92' lang='lat' dir='ltr'>igitur</span> <span class='ocrx_word' id='word_1_167' title='bbox 800 4245 830 4314; x_wconf 93' lang='lat' dir='ltr'>si</span> <span class='ocrx_word' id='word_1_168' title='bbox 841 4245 991 4335; x_wconf 90' lang='lat' dir='ltr'>cavetis,</span> <span class='ocrx_word' id='word_1_169' title='bbox 1003 4258 1138 4316; x_wconf 89' lang='lat' dir='ltr'>attente</span> <span class='ocrx_word' id='word_1_170' title='bbox 1150 4245 1308 4341; x_wconf 90' lang='lat' dir='ltr'>legentes</span> <span class='ocrx_word' id='word_1_171' title='bbox 1326 4259 1362 4314; x_wconf 90' lang='lat' dir='ltr'>et</span> <span class='ocrx_word' id='word_1_172' title='bbox 1376 4245 1413 4315; x_wconf 93' lang='lat' dir='ltr'>in</span> <span class='ocrx_word' id='word_1_173' title='bbox 1433 4247 1609 4317; x_wconf 90' lang='lat' dir='ltr'>sententia</span> 
     </span>
     <span class='ocr_line' id='line_1_21' title="bbox 281 4345 1607 4464; baseline 0.003 -29"><span class='ocrx_word' id='word_1_174' title='bbox 281 4364 463 4437; x_wconf 90' lang='lat' dir='ltr'>reddenda</span> <span class='ocrx_word' id='word_1_175' title='bbox 483 4367 656 4463; x_wconf 80' lang='lat' dir='ltr'>majorem</span> <span class='ocrx_word' id='word_1_176' title='bbox 675 4345 785 4439; x_wconf 84' lang='lat' dir='ltr'>fidem</span> <span class='ocrx_word' id='word_1_177' title='bbox 803 4367 1029 4439; x_wconf 88' lang='lat' dir='ltr'>translationi</span> <span class='ocrx_word' id='word_1_178' title='bbox 1048 4366 1165 4438; x_wconf 88' lang='lat' dir='ltr'>latinae</span> <span class='ocrx_word' id='word_1_179' title='bbox 1182 4366 1291 4462; x_wconf 88' lang='lat' dir='ltr'>hujus</span> <span class='ocrx_word' id='word_1_180' title='bbox 1313 4365 1484 4438; x_wconf 88' lang='lat' dir='ltr'>editionis</span> <span class='ocrx_word' id='word_1_181' title='bbox 1499 4393 1607 4464; x_wconf 92' lang='lat' dir='ltr'>quam</span> 
     </span>
     <span class='ocr_line' id='line_1_22' title="bbox 281 4487 1610 4588; baseline 0.002 -29"><span class='ocrx_word' id='word_1_182' title='bbox 281 4487 429 4561; x_wconf 93' lang='lat' dir='ltr'>scholiis</span> <span class='ocrx_word' id='word_1_183' title='bbox 446 4489 680 4582; x_wconf 92' lang='lat' dir='ltr'>adhibentes,</span> <span class='ocrx_word' id='word_1_184' title='bbox 698 4493 834 4588; x_wconf 91' lang='lat' dir='ltr'>reliqua</span> <span class='ocrx_word' id='word_1_185' title='bbox 850 4492 973 4562; x_wconf 90' lang='lat' dir='ltr'>omnia</span> <span class='ocrx_word' id='word_1_186' title='bbox 993 4514 1123 4585; x_wconf 91' lang='lat' dir='ltr'>magno</span> <span class='ocrx_word' id='word_1_187' title='bbox 1143 4488 1253 4560; x_wconf 88' lang='lat' dir='ltr'>Vobis</span> <span class='ocrx_word' id='word_1_188' title='bbox 1271 4488 1484 4584; x_wconf 90' lang='lat' dir='ltr'>adjumento</span> <span class='ocrx_word' id='word_1_189' title='bbox 1503 4508 1610 4562; x_wconf 91' lang='lat' dir='ltr'>erunt</span> 
     </span>
     <span class='ocr_line' id='line_1_23' title="bbox 279 4611 1124 4710; baseline 0 -29"><span class='ocrx_word' id='word_1_190' title='bbox 279 4611 324 4682; x_wconf 94' lang='lat' dir='ltr'>ad</span> <span class='ocrx_word' id='word_1_191' title='bbox 343 4611 618 4707; x_wconf 89' lang='lat' dir='ltr'>intelligendum</span> <span class='ocrx_word' id='word_1_192' title='bbox 637 4613 894 4687; x_wconf 90' lang='lat' dir='ltr'>historicorum</span> <span class='ocrx_word' id='word_1_193' title='bbox 911 4612 1124 4710; x_wconf 88' lang='lat' dir='ltr'>principem.</span> 
     </span>
    </p>

    <p class='ocr_par' dir='ltr' id='par_1_2' title="bbox 279 4735 1608 5082">
     <span class='ocr_line' id='line_1_24' title="bbox 327 4735 1608 4834; baseline 0.001 -29"><span class='ocrx_word' id='word_1_194' title='bbox 327 4740 411 4809; x_wconf 91' lang='lat' dir='ltr'>Post</span> <span class='ocrx_word' id='word_1_195' title='bbox 432 4737 706 4834; x_wconf 88' lang='lat' dir='ltr'>HStephanum,</span> <span class='ocrx_word' id='word_1_196' title='bbox 738 4740 942 4830; x_wconf 86' lang='lat' dir='ltr'>Dukerum,</span> <span class='ocrx_word' id='word_1_197' title='bbox 975 4737 1221 4822; x_wconf 90' lang='lat' dir='ltr'>Grammium,</span> <span class='ocrx_word' id='word_1_198' title='bbox 1249 4737 1357 4826; x_wconf 90' lang='lat' dir='ltr'>alios,</span> <span class='ocrx_word' id='word_1_199' title='bbox 1379 4735 1608 4831; x_wconf 89' lang='lat' dir='ltr'>diligentissi-</span> 
     </span>
     <span class='ocr_line' id='line_1_25' title="bbox 279 4858 1606 4960; baseline 0 -31"><span class='ocrx_word' id='word_1_200' title='bbox 279 4883 375 4930; x_wconf 92' lang='lat' dir='ltr'>mam</span> <span class='ocrx_word' id='word_1_201' title='bbox 390 4885 537 4958; x_wconf 92' lang='lat' dir='ltr'>operam</span> <span class='ocrx_word' id='word_1_202' title='bbox 551 4862 588 4932; x_wconf 94' lang='lat' dir='ltr'>in</span> <span class='ocrx_word' id='word_1_203' title='bbox 603 4862 660 4933; x_wconf 92' lang='lat' dir='ltr'>bis</span> <span class='ocrx_word' id='word_1_204' title='bbox 674 4863 821 4935; x_wconf 93' lang='lat' dir='ltr'>scholiis</span> <span class='ocrx_word' id='word_1_205' title='bbox 835 4862 1050 4960; x_wconf 89' lang='lat' dir='ltr'>digerendis,</span> <span class='ocrx_word' id='word_1_206' title='bbox 1062 4858 1298 4932; x_wconf 91' lang='lat' dir='ltr'>emendandis</span> <span class='ocrx_word' id='word_1_207' title='bbox 1311 4876 1346 4932; x_wconf 92' lang='lat' dir='ltr'>et</span> <span class='ocrx_word' id='word_1_208' title='bbox 1360 4858 1606 4931; x_wconf 82' lang='lat' dir='ltr'>examinandis</span> 
     </span>
     <span class='ocr_line' id='line_1_26' title="bbox 279 4982 1604 5082; baseline -0.001 -28"><span class='ocrx_word' id='word_1_209' title='bbox 279 4985 399 5079; x_wconf 90' lang='lat' dir='ltr'>posuit</span> <span class='ocrx_word' id='word_1_210' title='bbox 418 4988 455 5054; x_wconf 88' lang='grc' dir='ltr'>Ε.</span> <span class='ocrx_word' id='word_1_211' title='bbox 480 4989 519 5054; x_wconf 87' lang='lat' dir='ltr'>F.</span> <span class='ocrx_word' id='word_1_212' title='bbox 536 4988 692 5057; x_wconf 86' lang='lat' dir='ltr'><strong>POPPO.</strong></span> <span class='ocrx_word' id='word_1_213' title='bbox 713 4986 823 5082; x_wconf 92' lang='lat' dir='ltr'>Cujus</span> <span class='ocrx_word' id='word_1_214' title='bbox 841 4985 1039 5057; x_wconf 90' lang='lat' dir='ltr'>editionem</span> <span class='ocrx_word' id='word_1_215' title='bbox 1059 4982 1171 5054; x_wconf 90' lang='lat' dir='ltr'>secuti</span> <span class='ocrx_word' id='word_1_216' title='bbox 1195 5006 1338 5071; x_wconf 88' lang='lat' dir='ltr'>sumus,</span> <span class='ocrx_word' id='word_1_217' title='bbox 1362 4983 1509 5054; x_wconf 91' lang='lat' dir='ltr'>mutatis</span> <span class='ocrx_word' id='word_1_218' title='bbox 1525 5007 1604 5078; x_wconf 80' lang='lat' dir='ltr'>quae</span> 
     </span>
    </p>
   </div>
   <div class='ocr_carea' id='block_1_2' title="bbox 277 5104 1603 5305">
    <p class='ocr_par' dir='ltr' id='par_1_3' title="bbox 277 5104 1603 5305">
     <span class='ocr_line' id='line_1_27' title="bbox 277 5104 1603 5203; baseline 0.001 -29"><span class='ocrx_word' id='word_1_219' title='bbox 277 5104 385 5176; x_wconf 89' lang='lat' dir='ltr'>nobis</span> <span class='ocrx_word' id='word_1_220' title='bbox 402 5104 619 5179; x_wconf 90' lang='lat' dir='ltr'>videbantur</span> <span class='ocrx_word' id='word_1_221' title='bbox 640 5132 717 5180; x_wconf 88' lang='lat' dir='ltr'>esse</span> <span class='ocrx_word' id='word_1_222' title='bbox 741 5107 924 5181; x_wconf 89' lang='lat' dir='ltr'>mutanda.</span> <span class='ocrx_word' id='word_1_223' title='bbox 950 5111 1037 5178; x_wconf 83' lang='lat' dir='ltr'>llam</span> <span class='ocrx_word' id='word_1_224' title='bbox 1053 5108 1212 5203; x_wconf 91' lang='lat' dir='ltr'>primum</span> <span class='ocrx_word' id='word_1_225' title='bbox 1229 5105 1369 5179; x_wconf 92' lang='lat' dir='ltr'>inutilis</span> <span class='ocrx_word' id='word_1_226' title='bbox 1391 5105 1510 5177; x_wconf 86' lang='lat' dir='ltr'>lutura</span> <span class='ocrx_word' id='word_1_227' title='bbox 1529 5121 1603 5177; x_wconf 87' lang='lat' dir='ltr'>erat</span> 
     </span>
     <span class='ocr_line' id='line_1_28' title="bbox 356 5235 1505 5305; baseline 0.003 -33"><span class='ocrx_word' id='word_1_228' title='bbox 356 5235 520 5275; x_wconf 66' lang='lat' dir='ltr'>rttumtbu·</span> <span class='ocrx_word' id='word_1_229' title='bbox 1467 5257 1505 5305; x_wconf 45' lang='lat'>34.</span> 
     </span>
    </p>
   </div>
   <div class='ocr_carea' id='block_1_3' title="bbox 0 0 1842 5828">
    <p class='ocr_par' dir='ltr' id='par_1_4' title="bbox 0 0 1842 5828">
     <span class='ocr_line' id='line_1_29' title="bbox 0 0 1842 5828; baseline 0 3"><span class='ocrx_word' id='word_1_230' title='bbox 0 0 1842 5828; x_wconf 95' lang='lat' dir='ltr'> </span> 
     </span>
    </p>
   </div>
  </div>
 </body>
</html>
