3676 5828
698 341 930 420 scfl0L1A.v,
952 351 1044 402 82-
1058 352 1105 403 9⁵.
1668 356 1704 406 9ο

98 475 225 547 πλείονος]
243 473 301 546 ήτοι
313 494 365 553 προ
353 471 495 538 πλείονος
510 469 613 578 χρόνου.
629 508 660 522 -
674 468 862 582 Δεομένων
826 494 879 529 των
897 500 902 540 f
922 470 1000 530 Ami
1012 469 1039 531 δέ
1053 472 1166 554 περὶτοῦ
1178 471 1304 532 δύνασθαι
1315 478 1430 547 σωθῆναι
1443 475 1650 552 συνεληλύθατε,
1656 478 1704 539 λί-

100 561 320 644 διοπερευγοτων]
332 561 420 636 ἤγουν
431 558 476 618 καί
491 582 576 616 ταυτα
587 556 770 636 δεομένων
781 549 877 636 Ἶίγον]
922 580 1011 670 γοιμεν
1026 558 1112 618 ἀν-
1125 558 1245 620 Ηόλλο
1257 565 1366 632 τι]
1308 563 1351 620 δια
1353 562 1483 630 ζευκτικδς
1495 563 1647 642 σύνδεσμος
1664 599 1705 612 -

100 647 543 734 ιώρ.-ταζω-ι.[1ροςαγόμενοη
559 644 785 724 οἰκειούμενοςμ-
804 648 879 727 Σράς
922 641 1052 707 *·HA
1017 671 1068 706 των
1080 646 1300 726 παροντων]
1240 671 1270 707 το
1283 648 1376 720 αντὶ
1388 672 1433 709 του
1447 650 1526 731 ήπερ.

100 738 254 820 ωυελησειν]
264 761 322 803 τους
339 734 466 815 Ἀργείους
479 732 646 806 δηλονοτι
608 757 666 800 τους
679 733 835 806 Ἀθηναίους.
847 769 879 782 -
963 736 1144 797 LXXXVlll.
1158 734 1237 802 Είκδς
1249 737 1296 814 μέν
1309 737 1354 795 καλ
1368 736 1531 816 ξυγγνώμη.
1535 739 1647 812 ..]εἰκδς
1658 739 1705 820 μὲν

73 853 86 889 ε
101 823 304 897 Ιςθαλασσαν]
315 822 403 889 ἕως
370 847 417 895 της
428 821 571 894 θαλασσης
583 842 647 881 -ο,
656 821 862 901 Τειχισμόν]”
827 844 880 879 των
922 827 1007 899 ἡμᾶς,
1021 826 1048 882 ἐν
1070 821 1180 904 τοιούτῳ
1198 829 1378 897 καθεστῶτας,
1398 827 1442 885 ἐπὶ
1462 826 1550 886 πολλδι
1576 828 1648 887 καλ“
1638 852 1704 889 υπο-
1720 844 1734 884 ιι

100 914 231 995 Ἀργείων.
923 914 1043 977 νοοῦντας
1065 909 1149 968 καίλ
1133 910 1256 988 λέγοντας
1273 912 1426 987 τρέπεσθαι·
1446 913 1492 974 καλ
1517 917 1708 994 συγγινώσκετε

140 1003 294 1062 Lxxxlll.
309 1000 413 1069 Ἀύτοῖς]
429 1000 482 1065 τοῖς
498 997 721 1074 Λακεδαιμονίοις.
740 994 880 1055 -Αύτό-
923 996 1194 1075 ήμῖνύποπτεύουσιν.

99 1091 153 1168 θεν]
168 1091 199 1148 ἐκ
212 1093 259 1147 τού
270 1085 436 1166 Α.ργους-
397 1083 697 1162 -κεΔιελύθησανήοὶ
711 1082 881 1161 Λακεδαιμό·
964 1087 1117 1146 Lxxxlx.
1130 1085 1224 1163 Ημεις
1232 1086 1370 1167 τοίνυν]τ
1383 1088 1455 1163 ἑξῆς,
1467 1095 1543 1167 ἡμας
1554 1090 1678 1151 τοίνυν
1649 1115 1709 1151 ουτε

98 1202 212 1236 νιοι.-
233 1197 254 1237 ε
270 1179 305 1237 Οἱ
322 1175 373 1255 γὰρ
388 1173 480 1233 πολλοὶ
498 1174 651 1251 αὐτῶν]
617 1196 668 1230 των
690 1171 863 1252 ρυγύδων”
827 1193 880 1229 των
924 1170 1007 1250 λόγων
1027 1177 1109 1250 μῆκος
1131 1173 1240 1234 ἀπιστον
1263 1199 1302 1233 πα
1304 1173 1469 1256 ρπέξομεν
1486 1179 1552 1237 Μετ’
1571 1179 1708 1257 ὀνομάτων

61 1289 86 1327 ιυ
101 1265 284 1346 Ἀργείωνμ-
244 1285 319 1323 -A
333 1263 464 1323 Ἐνταῦθα
478 1268 571 1407 κατήέ
568 1263 640 1319 ἐν
608 1284 641 1340 τη
655 1258 776 1319 Φλιασία
766 1255 881 1339 κατῴ-
925 1262 1023 1332 καλῶν]
1045 1261 1183 1330 λέξεων’
1160 1266 1305 1342 ευπρεπῶν.
1320 1263 1430 1325 -OAA'
1448 1268 1518 1342 ὑμᾶς
1532 1265 1708 1346 ἀξιουμεν]τδ
1725 1289 1749 1327 ιο

99 1378 251 1425 κηντο.-
275 1349 467 1461 Κατέκλεισρν]
495 1347 614 1408 τουτέστι
629 1351 680 1406 τῶν
703 1345 880 1424 εἰςαγωγίμων
926 1347 1034 1420 ἑξῆς,
1004 1372 1064 1408 ουτε
1074 1349 1431 1431 ἀξιουμενοίεσθαιλέγοντας
1442 1357 1510 1430 υμᾶς
1521 1353 1620 1414 πείσειν
1630 1359 1710 1432 ἡμᾶς

99 1440 188 1520 [A]
156 1465 202 1512 της
216 1440 389 1511 θαλάττης’
360 1437 453 1505 αυτους
462 1439 513 1495 ἀπ
506 1437 681 1495 ’κλεισαικ-
692 1434 965 1513 Ξυνωμοσίαν]-
926 1436 1205 1518 ·-Διαπροίσσεσθαή
1227 1439 1280 1498 ἀπὸ
1293 1446 1406 1500 κσινοῦτ
1406 1440 1618 1518 δάξιοῦμενμ-
1586 1443 1712 1504 -Ἐπι-

99 1529 204 1610 ἔνορκον
222 1526 382 1607 ξυμμαχίαν.
403 1560 443 1571 -
466 1525 634 1606 Ἀκάμαντος]
663 1523 722 1581 ἀντλ
745 1547 791 1582 του
815 1524 883 1581 ἀνα·
927 1521 1070 1600 σταμίνους
1084 1525 1148 1604 πρδς
1164 1527 1223 1598 εῖδ].
1244 1527 1301 1585 ἀντὶ
1314 1551 1360 1587 του
1343 1528 1559 1606 “ἐπισταμένων
1573 1529 1619 1589 καλ
1636 1533 1711 1608 ὑμῶν

97 1614 254 1682 πεισθέντος.
926 1610 972 1669 καὶ
986 1614 1071 1689 ἡμῶν.
1085 1647 1117 1660 -
1129 1612 1177 1672 Ἐν
1195 1614 1233 1693 'A'
1254 1615 1408 1720 ἀγθρωπείῳ
1426 1616 1508 1697 λόγῳ]
1524 1620 1538 1675 ό
1552 1615 1713 1697 ἀνθρώπινος

60 1736 89 1776 ης
140 1705 321 1764 ΒΧΧΧΝΛ
323 1702 428 1762 .ούδετ
428 1697 650 1781 ἐρ’ρωνόντες]γ
619 1721 744 1781 ρ,αρεται
758 1699 814 1777 μεθ’
826 1697 884 1758 ἑτέ·
927 1698 1063 1777 λογισμός,
1082 1699 1159 1779 φασί,
1179 1699 1279 1758 τότε
1255 1724 1286 1760 το
1307 1703 1406 1761 δίκαιον
1427 1701 1516 1772 Aera(
1502 1707 1554 1777 ζει,
1573 1703 1635 1763 δταν
1649 1704 1709 1777 ίσην
1728 1732 1751 1770 ιι,

102 1815 162 1903 ρων,
177 1794 228 1849 τῶν
248 1788 462 1867 Λακεδαιμονίων
486 1787 531 1846 καί
550 1786 755 1859 Ἀθηναίων.-
772 1786 883 1864 ο.Πρλν
928 1786 1003 1866 ίο-χδν
1021 1787 1152 1866 ἐχωσινόι
1166 1787 1321 1869 κρινόμενοι
1337 1789 1400 1850 όταν
1414 1788 1442 1848 δέ
1457 1793 1481 1850 οί
1495 1790 1713 1873 ίτεπροιπροίχω-

101 1880 198 1937 ἀδικεῖν
213 1902 238 1936 τι
256 1902 302 1949 της
313 1874 373 1959 γης]
392 1875 582 1956 βλοίπτειν.-
542 1874 649 1936 -Καλ
663 1885 715 1942 τοῖς
730 1873 826 1953 ὀλίγοις
840 1872 885 1933 λέ-
929 1898 969 1933 σιν
984 1874 1070 1953 ἰσχύϊ,
1084 1875 1273 1955 προςτοίττουσι
1287 1886 1340 1936 πᾶν
1358 1865 1518 1951 τδδυνατδν,
1535 1878 1581 1937 καὶ
1594 1884 1618 1938 οἱ
1636 1881 1713 1952 Atto-

100 1969 166 2046 γειν]
185 1969 225 2038 διη
229 1965 343 2047 ιρθμημέ
344 1988 395 2032 νοις
406 1964 451 2024 καλ
465 1963 585 2042 ἐντίμως.
928 1987 994 2112 νεςΧ
982 1966 1029 2022 οὐκ
1040 1963 1225 2040 ἀντιλέγουσιν.

141 2056 281 2115 LXXXV.
309 2050 420 2124 ’δΗπειή
403 2050 485 2130 A...]
505 2053 533 2110 ἐν
548 2060 614 2110 πᾶσι
634 2048 885 2127 μίνδθουκυδίδης
998 2052 1030 2111 C.
1050 2041 1197 2127 Ηὴμένδ
1218 2050 1355 2128 νομίζομίν
1377 2076 1406 2131 γε
1423 2060 1462 2125 ...]
1480 2051 1598 2125 ἐπειδήε
1588 2058 1677 2130 υμεῖς,
1691 2081 1714 2114 ω

60 2173 88 2213 ‚0
103 2141 181 2222 έρυγε
192 2140 239 2212 τήν
254 2139 391 2212 συνήθειαν
400 2145 445 2199 τοῦ
457 2138 545 2217 λόγου,
555 2141 605 2219 οὐχ
615 2137 712 2210 ήκιστα
723 2137 751 2196 δέ
764 2141 884 2197 ἐνταῦθα·
930 2139 1068 2210 Ἀθηναῖοι,
1076 2144 1121 2198 τοῦ
1127 2137 1302 2221 συμφέροντος
1308 2143 1408 2217 μᾶλλον
1414 2139 1514 2209 ἀξιοῦτε
1527 2142 1709 2221 στοχάζεσθαι,
1723 2165 1751 2205 ευ

102 2230 160 2289 ἀντὶ
174 2229 224 2309 γὰρ
246 2227 407 2309 δημηγορίας
425 2227 546 2306 διόλογόν
564 2250 623 2285 τινα
636 2231 688 2286 τῶν
707 2226 820 2297 Μηλίων
839 2224 885 2284 καλ
929 2227 1067 2305 νομίζομεν
1095 2231 1156 2304 ύμῖν
1182 2227 1319 2308 προςήκειν
1345 2227 1383 2303 AA
1410 2227 1550 2287 καταλύειν
1574 2230 1605 2288 τδ
1628 2231 1713 2290 κοινόν

102 2317 243 2391 Ἀθηναίων
261 2315 391 2393 ἐτόλμησε
413 2320 550 2374 συνθεῖναι.
568 2315 625 2373 ἐπεὶ
640 2314 667 2372 δὲ
685 2313 821 2394 ἐργάζεται
837 2314 885 2385 τήν
930 2315 1036 2394 ἀγαθὸν,
1047 2314 1166 2373 τουτέστι
1179 2314 1310 2396 τδπρᾴως
1320 2317 1372 2382 τοῖς
1383 2318 1575 2396 ἀσθενεστέροις
1588 2322 1714 2397 χρῆσθαι·

103 2407 231 2487 ἀσύρειαν
250 2402 365 2481 μάλιστα
382 2400 425 2461 διὰ
439 2402 469 2462 τδ
489 2400 619 2483 δύςκριτον
639 2407 686 2462 τού
707 2402 770 2484 παρ’
792 2400 887 2461 ἕκατί·
930 2403 970 2461 δεῖ
980 2403 1031 2483 γὰρ
1044 2411 1098 2470 τοῖς
1110 2402 1286 2461 κινδυνεύουσι
1297 2401 1331 2460 τά
1345 2402 1507 2484 προςήκοντα
1521 2404 1567 2462 καὶ
1577 2403 1611 2462 τά
1625 2405 1714 2464 δίκαια

103 2518 154 2576 ρων
177 2492 270 2569 λόγου,
293 2489 432 2571 διαιρετέον
448 2488 518 2549 κατά
536 2489 661 2570 πρόςωπα
679 2489 727 2562 τήν
747 2495 887 2570 AAowae-
929 2489 1068 2568 νέμεσθαι,
1082 2491 1128 2549 καί
1143 2493 1290 2568 μᾶλλον
1257 2514 1304 2563 της
1313 2493 1423 2572 ιριλαν
1424 2514 1509 2558 ωπιας
1518 2491 1587 2572 Am
1597 2514 1642 2550 του
1626 2492 1716 2573 πρδς

61 2605 91 2646 εε
102 2580 250 2652 Ἐπειδλ’
224 2604 254 2639 ου
268 2603 289 2637 τε
290 2602 331 2660 ρος
342 2576 372 2637 τδ
387 2580 513 2649 πλῆθος..
518 2585 537 2650 .]
553 2581 610 2637 ἐπει
612 2576 643 2649 δὴ
659 2581 689 2637 ού
701 2577 775 2659 παρά
791 2576 885 2658 τῷδή-
931 2577 1066 2659 ἀκρίὸειαν
1074 2578 1175 2637 δικαιου
1188 2601 1327 2658 τυγχανειν
1336 2578 1394 2645 τους
1403 2577 1521 2650 ἥττονας
1529 2515 1587 2652 AAA
1595 2581 1640 2639 καὶ
1650 2584 1756 2660 ύπίρεε

104 2693 146 2748 μω
158 2666 275 2726 κελευετε
287 2671 359 2741 ἡμᾶς
369 2667 499 2725 ποιεισθαι
510 2665 569 2733 τους
580 2664 684 2745 λογους
700 2663 743 2724 ἵνα
759 2665 796 2743 AA
812 2687 886 2724 συνε·
931 2670 1004 2745 ὑμῶν
1018 2657 1126 2740 ἐστίν,
1107 2692 1129 2725 ω
1139 2667 1277 2738 Ἀθηναῖοι·
1290 2669 1313 2725 εἶ
1325 2666 1377 2747 γὰρ
1388 2665 1420 2738 AA
1433 2665 1716 2749 μήπρᾴωςχρήσεσθε

102 2780 164 2837 χους
180 2754 279 2837 ρήσεως
294 2752 430 2833 γινομένης
450 2753 496 2812 καί
513 2753 549 2813 ἐν
527 2777 569 2820 νος
559 2750 887 2831 ’ἀποτεινομίωυλύγου,
930 2759 1004 2831 ήμῖν,
1023 2757 1098 2812 αύτοι
1088 2753 1254 2835 σραλίντες
1273 2752 1337 2812 ποτέ
1355 2752 1525 2832 παράδειγμα
1543 2755 1648 2822 πάντως
1664 2758 1717 2822 τοῖς

104 2842 625 2922 ὑποπτεύσητδπλῆθοςάπατᾶσθαι,ώς
639 2839 888 2909 δνάπαξάκούσαν·
932 2842 1018 2908 ἀλλοις
1029 2842 1179 2918 γενησεσθε
1195 2839 1378 2922 μεγοίλωςγδρ
1394 2845 1498 2918 ύμᾶςοὶ
1513 2842 1664 2914 νικήσαντες
1678 2865 1717 2901 τι·

103 2955 145 2998 τες
158 2933 272 2990 πιθανῶν
293 2929 341 3007 μὲν
359 2928 454 3008 λόγων,
473 2928 595 3008 ἐλέγχους
609 2927 637 2987 δὲ
656 2930 685 2987 οὐ
699 2928 887 3009 παρεχομένων
932 2929 1101 3010 μωμήσονται
1116 2929 1171 3000 [καὶ
1186 2928 1274 3001 αὐτοὶ,
1290 2928 1363 3000 τοὺς]
1378 2928 1438 3008 περὶ
1452 2935 1522 3006 ἡμᾶς
1532 2929 1663 3008 χαλεποὺς
1674 2952 1718 3009 γε·

62 3053 92 3094 w
107 3018 160 3078 οὐδ’
180 3016 331 3085 ἀποδειἜεις·
350 3014 526 3095 γιγνώσκομεν
540 3014 592 3097 γθιρ
610 3014 663 3089 ὅτι,
677 3022 762 3074 ταῦτα
776 3015 888 3087 ὑπονοή-
931 3014 1061 3093 νομένους.
1081 3055 1112 3065 -
1127 3014 1168 3075 TA
1185 3015 1269 3073 κοινὸν
1291 3014 1400 3095 ἀγαθόν]
1417 3016 1466 3088 τήν
1489 3017 1635 3097 ἐλευθερίαν
1649 3015 1718 3076 οὕτω
1738 3055 1758 3090 A

104 3129 207 3176 σαντες,
219 3105 283 3187 πρὸς
289 3103 374 3171 τοδςό
376 3127 486 3185 χοντας
494 3107 567 3182 ὑμῶν
578 3103 671 3182 μόνους
680 3102 794 3183 ἠγάγετε
805 3107 887 3181 ἡμᾶς·
932 3101 1005 3185 ρησί.
1019 3148 1051 3160 -
1065 3101 1212 3182 Σραλίντες
1227 3101 1269 3174 ἀν]
1282 3108 1328 3161 τοῦ
1343 3103 1452 3163 δικαίου.

106 3193 294 3271 [θ]ύμεῖςοίπρ
296 3215 420 3258 οεστωτες
432 3190 624 3272 ἀσραλεστερον
635 3190 771 3262 ποιήσατε
765 3188 887 3250 ·ίκαστον
971 3191 1043 3250 XCI.
1058 3188 1151 3265 Ημεῖς
1165 3187 1241 3247 A*
1208 3213 1256 3260 της
1266 3189 1364 3270 ἡμετί
1366 3213 1425 3258 ας..
1428 3189 1495 3270 .]ἀν
1509 3214 1555 3249 και
1545 3190 1717 3270 καταλυθη

104 3273 191 3366 γάρώ
191 3306 205 3340 ν
218 3279 357 3359 λέγομεν
342 3277 454 3388 οοκιμοίζ
453 3301 535 3352 οντες,
547 3278 613 3360 πρδς
625 3280 656 3337 τὸ
670 3277 707 3356 AA
725 3280 815 3338 δοκοῦν
829 3281 887 3338 ἐπι·
932 3301 1020 3359 φασιν,
1030 3281 1105 3353 ἡμῶν
1117 3275 1196 3335 τδ
1163 3300 1210 3348 της
1220 3276 1371 3354 ἡγεμονίας,
1382 3280 1430 3337 οὐκ
1443 3282 1592 3389 ἀθυμρῦμεν
1602 3279 1704 3361 περὶ
1671 3304 1718 3352 της

104 3371 213 3443 τηδείως
222 3368 312 3450 ἔχειν
302 3366 474 3447 υποκρούετε,
485 3366 604 3425 τουτίστι
615 3364 659 3426 διθι
667 3367 794 3427 πλειόνων
803 3366 888 3446 λόγων
932 3368 1124 3444 καταστροφῆς.
1138 3363 1381 3441 Λακεδαιμόνιοι
1353 3387 1418 3472 γαρ,
1429 3366 1521 3425 καθ’
1484 3389 1580 3433 παντες
1592 3369 1616 3425 οῖ
1627 3366 1718 3447 ἀρχειν

64 3490 91 3530 2⁵
105 3459 264 3540 κρίνετε-
281 3455 436 3534 Q'‘HAAV]
401 3479 453 3513 των
468 3453 618 3526 Ἀθηναίων.
633 3489 673 3499 -
686 3457 774 3515 Τουτο
787 3456 887 3535 φρονεῖ]
933 3453 1008 3513 είωθ
979 3459 1050 3520 θοτες
1063 3451 1168 3532 ἐτέρων,
1180 3474 1209 3510 ου
1198 3454 1347 3533 ’χαλεπῶς
1359 3458 1413 3521 τοῖς
1426 3456 1553 3525 νικηθεῖσι
1566 3453 1718 3565 πρρςρίρον·
1731 3488 1757 3528 ³⁶

107 3548 237 3628 βούλεται.
258 3543 334 3603 τοῦτό
356 3545 412 3602 ἐστι
430 3541 583 3609 σκοπός
549 3567 597 3614 της
616 3544 651 3608 είς
668 3541 728 3610 τοὺς
751 3540 889 3616 Ηλληνας
932 3566 987 3603 ται.
1003 3540 1067 3608 ώςτε
1080 3564 1109 3600 ου
1097 3540 1348 3618 Λακεδαιμονίους
1361 3540 1474 3618 δέδιμεν,
1492 3541 1616 3600 ἀλλά
1576 3565 1635 3608 τους
1649 3547 1716 3614 Am]-

105 3637 283 3715 τροςαγωγῆς.
301 3665 341 3676 -
355 3629 468 3709 Ἀγωγή]
484 3630 650 3711 προςαγωγή.
933 3630 1016 3697 κόους·
1040 3620 1111 3689 οὗτοι
1131 3626 1197 3708 γθρ,
1219 3628 1264 3687 Ate
1285 3633 1332 3688 οὐκ
1354 3629 1471 3697 εἰωθότες
1497 3628 1592 3711 ἐτέρων
1616 3630 1717 3711 ἀρχιιν,

147 3722 302 3781 LXXXVI.
324 3717 359 3778 ‘H
384 3716 431 3796 μὲν
454 3716 580 3776 ἐπιείκεια
606 3723 652 3775 τοῦ
676 3717 807 3776 διδοίσκειν
830 3720 888 3776 καθ’
933 3716 1038 3778 ἐπειδὰν
1059 3715 1211 3796 κρατήσωσι
1236 3720 1288 3775 τῶν
1312 3717 1456 3798 ἀρχόντων,
1478 3716 1605 3795 ῶμότατα
1630 3719 1718 3785 αθτοῖς

106 3808 231 3887 ήσυχ....]
246 3809 291 3877 τῆς
310 3805 358 3884 μὲν
372 3803 433 3886 περὶ
450 3803 511 3871 τοὺς
525 3805 616 3883 λόγους
634 3804 832 3884 εὐγνωμοσύνης
843 3807 890 3865 ούκ
932 3809 1056 3888 χρῶνται.
1066 3800 1136 3862 ἀλλά
1148 3804 1209 3883 περὶ
1221 3803 1268 3882 μὲν
1277 3803 1370 3865 τούτου
1383 3808 1410 3865 ἐν
1425 3805 1516 3887 ἀδήλῳ
1530 3805 1638 3878 κείσθω,
1649 3805 1718 3873 ὅπως

67 3896 193 3961 ςηοίντις
216 3893 276 3972 μέμ
292 3917 350 3952 αιτσ
373 3897 443 3970 ύμῖν·
464 3891 551 3972 ήρέμα
572 3891 624 3973 γὰρ
644 3891 773 3952 καὶκατὰ
791 3893 890 3973 σχολήν
933 3891 997 3953 ποτέ
1008 3891 1067 3960 ἕξει.
1088 3931 1118 3940 -
1136 3895 1198 3952 Τῶν
1218 3891 1363 3973 ἀρξόντων]
1382 3899 1429 3952 τοῦ
1449 3893 1567 3972 πολέμου
1588 3894 1715 3966 δηλονότι.
1731 3924 1757 3966 ⁴0

109 3982 270 4093 ἀλλήλους’
256 4005 273 4038 α
289 3987 355 4041 ιούτε
373 3980 444 4040 πείθ
418 3985 516 4040 θε·σθαι
529 3981 580 4052 ήδη
596 3981 623 4040 δὲ
641 3984 890 4059 πολεμούντεςήμῖν
934 3979 1133 4065 [Ἀθηναῖοιγθρ
1139 3979 1402 4089 πρεσύρύουσι.]-α.
1409 3980 1545 4049 (Ὠςδέἐπ
1555 3982 1689 4064 ώρελεία..
1692 3983 1713 4061 .]

110 4070 195 4129 οὐκέτι
216 4071 414 4148 εύγνωμονεῖτε,
435 4070 494 4127 oAA.
467 4068 493 4127 δθ
515 4066 594 4144 ὅμοια
614 4061 651 4135 οἷς
670 4068 760 4147 λέγετε
780 4077 888 4131 ποιεῖτε.
933 4067 973 4128 ὅτι
985 4066 1013 4128 AA
1027 4068 1067 4127 ἐπ’
1082 4066 1231 4150 ῶρελία’
1193 4091 1338 4177 παρερμεν,
1352 4075 1430 4130 τοῦτο
1444 4069 1606 4143 δηλώσομεν.
1623 4069 1717 4147 βουλό-

109 4158 196 4237 κριταὶ
207 4155 258 4236 γλρ
271 4157 393 4228 ήκετε
359 4178 410 4214 των
424 4147 538 4235 λόγων
519 4179 555 4214 ων
569 4157 657 4234 λέγετε
670 4157 752 4217 αὐτοί·
765 4156 811 4216 καί
821 4156 890 4235 γνώ-
934 4162 1001 4232 μεθα
1015 4154 1065 4237 γάρ
1077 4155 1139 4215 ἀνευ
1160 4155 1327 4237 πραγμάτων
1345 4155 1420 4215 αύτοί
1435 4179 1464 4215 τε
1479 4159 1551 4231 ὑμῶν
1569 4155 1661 4236 ἄρξαι,
1672 4155 1718 4214 καλ

110 4267 184 4323 ριμον
206 4245 269 4319 ἡμῖν
286 4242 401 4309 τὸτέλος
415 4244 494 4300 Aa*
461 4265 509 4313 της
521 4242 640 4323 κρίσεως
655 4243 695 4303 ότι
708 4247 827 4312 νικῶντες
842 4243 889 4322 μίν
934 4248 1002 4323 ὑμᾶς
1025 4248 1140 4315 σωθῆναι
1154 4243 1337 4324 συμφερόντως
1356 4245 1402 4302 καὶ
1423 4245 1487 4320 ἡμῖν
1510 4242 1555 4301 καὶ
1580 4246 1651 4321 ύμῖν.
1676 4277 1718 4288 -

70 4357 95 4396 ιε
110 4336 177 4408 ὑμᾶς
188 4337 241 4399 τοῖς
255 4330 377 4407 δικαίοις,
391 4353 436 4389 και
426 4329 492 4388 διά
503 4337 580 4390 τοῦτο
593 4332 631 4409 AA
646 4333 760 4399 θελοντες
773 4354 890 4413 προςχω·
935 4331 1047 4414 Ἀμροτί
1048 4338 1109 4412 ponc]
1124 4330 1170 4389 καλ
1182 4334 1247 4405 ἥμιν
1260 4331 1306 4390 καί
1320 4334 1390 4408 ὑμῖν.
1729 4360 1756 4400 ης,

111 4424 173 4499 ρεῖν,
188 4421 223 4486 εἷς
234 4420 349 4497 πόλεμον
361 4417 434 4486 εθθύς
448 4418 677 4497 καταστησόμεθα·
691 4418 838 4486 πεισθέντες
848 4417 890 4492 δέ,
974 4422 1057 4481 xCll.
1086 4418 1140 4477 Καὶ
1158 4421 1213 4484 πῶς
1228 4418 1409 4498 χρήσιμον...]
1429 4421 1499 4494 πῶς,
1520 4416 1606 4498 φασὶν,
1622 4415 1717 4493 ὁμοίως

110 4507 173 4574 ἴσως
185 4507 333 4589 δικαιότερα
351 4510 424 4584 ύμῶγ
437 4506 574 4583 λεγόντων,
587 4505 704 4565 δουλείαν
717 4506 776 4565 καθ’
790 4509 890 4566 ἑαυτῶν
934 4504 1064 4589 χρήσιμόν
1076 4508 1155 4575 ἐστιν,
1168 4503 1253 4587 ῶςπερ
1267 4510 1329 4584 ὑμῖν
1341 4504 1431 4587 ἀρξαι,
1447 4505 1528 4572 ούτως
1541 4508 1605 4583 ἡμῖν
1619 4504 1649 4564 ἰδ
1660 4506 1717 4564 δου-

111 4594 356 4677 καταψηριούμεθα,
388 4633 420 4645 -
451 4598 512 4655 Τῶν
539 4593 752 4674 λεχθησομίνων]
778 4593 830 4652 ύπό
862 4617 890 4653 τε
934 4597 1034 4654 λεύσαι.

111 4686 185 4760 ὑμῶν
199 4684 244 4742 καὶ
255 4687 330 4759 ήμῶν
346 4683 473 4754 δηλονότι.
488 4730 519 4742 ..
532 4683 586 4743 Καὶ
599 4681 647 4754 τήν
657 4683 726 4761 τελ.]
735 4685 787 4740 τῶν
796 4681 890 4762 λόγων.
975 4684 1076 4743 xclll.
1089 4680 1153 4741 Ὅτι
1167 4682 1228 4759 ὑμῖν
1244 4679 1291 4760 μὲν
1304 4680 1356 4761 πρὸ
1368 4680 1460 4739 τοῦτό
1474 4679 1608 4738 δεινότατα
1621 4686 1660 4751 ...]
1676 4677 1716 4738 ότι

71 4793 99 4832 συ
113 4771 165 4829 ἀπδ
177 4776 261 4830 κοινοῦ
276 4771 306 4829 τὸ
319 4775 421 4852 δρῶμεν
434 4776 498 4848 ἡμῖν
513 4769 639 4843 δηλονότι.
937 4775 1010 4849 ὑμεῖς
1019 4767 1076 4847 μέν,
1087 4768 1118 4828 ἀν
1131 4767 1203 4836 εὐθὺς
1213 4767 1395 4839 ύπακούσητε,
1410 4766 1482 4827 ούδέν
1495 4767 1576 4826 δεινόν
1587 4766 1714 4826 πείσεσθε·
1726 4794 1752 4832 A)

153 4860 321 4921 LXXXVAA.
330 4860 363 4919 EA
370 4859 417 4937 υὲν
423 4859 508 4919 τοίνυν
515 4857 692 4926 ύπονοίαςτῶν
699 4856 868 4937 μελλόντων
873 4865 891 4931 .]
937 4864 1012 4936 ἡμεῖς
1024 4855 1066 4931 δὲ,
1081 4855 1118 4934 μὴ
1134 4856 1325 4937 διαφθείραντες
1339 4860 1419 4931 ὑμᾶς,
1432 4855 1521 4932 ἕξομεν
1536 4858 1598 4932 ύμῖν
1609 4856 1646 4921 εἰς
1658 4852 1713 4912 δίον

113 4944 214 5024 εἰμὲν
226 4947 412 5019 ύπονοήσοντες
422 4948 528 5029 περί
493 4972 545 5006 των
557 4947 704 5025 μελλοντων
716 4945 820 5005 ἔσεσθαι
829 4969 893 5005 συν-
936 4950 1065 5028 χρῆσθαι,
1080 4944 1126 5002 καλ
1139 4942 1297 5025 γίνεταικέρ
1298 4945 1339 5010 δος
1352 4947 1448 5020 ήμῖνή
1466 4943 1560 5023 δμετέρ
1563 4940 1713 5021 ασωτηρία.

114 5004 300 5107 ελίηλύθατε,ἣ
283 5034 383 5106 ἀλλο
393 5060 419 5094 τι
434 5035 603 5145 σκεψόμενρι,
618 5059 701 5113 καιμ
701 5033 793 5114 ήπερλ
807 5058 893 5108 σωτη·
976 5035 1064 5096 XCV.
1086 5035 1125 5093 Οὐ
1138 5030 1190 5111 γὰρ
1202 5055 1322 5090 τοσουτον
1334 5038 1437 5108 ἡμας
1443 5029 1579 5110 ]ἕχθρθυς
1589 5026 1635 5105 μέν
1648 5032 1716 5105 ὑμᾶς

116 5124 172 5204 ρίας
186 5127 232 5194 τῆς
246 5123 378 5203 δυνάμεως
392 5125 471 5185 ἐκ
435 5148 487 5183 των
501 5124 646 5207 παρόντων,
658 5121 891 5203 ἡσυχίανάγυιμεν
939 5123 1041 5203 ἔχοντες
1054 5118 1126 5180 ούδέν
1140 5119 1340 5198 βλαύησόμεθα,
1356 5121 1456 5197 μᾶλλον
1471 5117 1498 5176 δὲ
1512 5115 1714 5197 ὄνρελησόμεθα,
