3676 5828
203 310 241 360 ιι
794 293 967 356 SGHOLIA.
990 295 1030 370 11,
1053 303 1089 353 ιι
1104 328 1144 338 -
1159 304 1204 354 ιι.

200 424 302 499 -Τήν
325 425 410 486 Φειάν
436 423 550 505 αἱροῦσι]
563 419 610 495 τήν
636 423 711 482 πόλιν
739 421 820 494 αὐτήν
842 428 976 504 πορθοῦσι.
999 458 1001 465 =
1023 423 1144 500 Κρανίων
1160 423 1552 503 δηλονότι.-Ἀποόάλλουσι]
1567 433 1738 510 ζημιοῦνται.

240 515 361 576 XXVII.
383 510 550 583 Ἀνέστησαν]
563 508 721 591 μετῴκισαν,
741 508 784 568 διδι
801 511 831 569 τθ
844 510 930 577 εὔνους
946 501 979 569 εἰ·
1060 512 1193 571 XXXIV.
1216 515 1242 571 Τ
1242 536 1264 592 ῳ
1277 513 1379 595 πατρίῳ
1391 512 1462 595 νόμῳ
1473 515 1617 597 Χρέὶμῑίθῑ]
1633 521 1682 580 τὸ]
1697 523 1807 611 πάτρων

200 624 243 662 ναι
255 604 308 668 τοῖς
319 599 542 676 Λακεδαιμονίοις.
555 632 595 644 -
607 595 829 665 Ἐπῑκαλίσαντῑς
846 605 885 668 ...]
899 599 974 674 ἰῖῦα·
1022 595 1099 674 νόμον
1112 599 1269 676 πληροῦντες
1283 598 1343 679 περὶ
1357 603 1467 672 ἰῆίτῶν
1481 602 1624 676 Ἀθηναίων
1639 631 1676 666 ³⁸
1697 614 1715 631 ⁸
1733 654 1742 682 ι
1757 615 1800 674 θ’·

200 688 322 754 λίμνης
333 688 419 753 αὐτοῖς
430 691 475 746 τοῦ
493 683 609 762 πολέμου
621 684 737 762 μάλιστα
751 682 848 750 αἰτίους
861 674 978 742 εἶναι.-
1022 683 1107 742 λονόιι
1131 685 1273 752 καύσαντες
1293 685 1327 744 τδι
1350 687 1471 764 σώματα·
1494 681 1569 759 οὐτος
1594 692 1649 776 γάρ
1675 631 1804 778 ήῖζνόμθς

174 777 349 847 σἘποίκους]
368 773 473 833 ἀποικοι
490 771 537 850 μὲν
548 774 572 831 οἰ
588 775 614 831 έν
629 770 720 853 έρήμῳ
730 770 803 852 τόπῳ
817 769 980 849 πεμπόμενοι
1023 770 1164 842 Ἀθηναίοις
1176 772 1222 831 καί
1237 782 1316 832 πᾶσιν
1329 773 1453 846 Ἕλλησι.
1471 804 1511 822 -
1526 778 1627 861 Τρίτῳ
1646 787 1752 865 roffi]
1769 790 1820 869 τῷ,

200 867 321 940 οἰκῆσαι,
336 860 435 922 ίποικοι
446 858 474 921 δί
488 863 512 920 οἱ
523 862 549 920 έν
565 859 655 935 πόλει,
664 858 753 938 ὥσπερ
766 865 820 920 νῦν.
834 890 869 900 -
878 877 900 916 2.
915 856 979 918 Ἐκ·
1024 858 1202 939 ρηθησομένῳ.
1214 896 1255 905 -—
1269 880 1292 921 ο.
1308 860 1452 942 Πρότριτα]
1469 863 1520 944 πρδ
1532 865 1625 946 τρίτης
1641 873 1747 952 ἡμέρας
1760 878 1802 946 «ἧς

200 957 319 1022 πεσοῦσι]
337 948 511 1030 ἕξορισθεῖσιν.
528 995 560 1008 ..
574 947 717 1028 Εὐεργίται
731 940 810 1019 ήσαν]
830 943 978 1024 συμμαχή-
1023 945 1205 1021 ἐκκομιδῆς,ή
1220 946 1263 1007 έπί
1276 945 1377 1028 ἡμέρας
1389 950 1466 1029 τρεῖς.
1478 950 1585 1028 ἄμεινον
1597 953 1626 1013 δῖ
1643 956 1677 1014 τδ
1694 962 1801 1039 πρῶτον

201 1061 293 1106 σαντες
309 1037 373 1105 ἰσως
386 1039 474 1102 αὐτοῖς
489 1039 513 1094 οἰ
532 1038 680 1115 Αἰγινῆται.
700 1068 738 1080 -
749 1032 827 1104 Ὑπό]
846 1032 915 1092 κατὰ
935 1030 979 1090 τὸν
1022 1065 1063 1075 -
1083 1031 1229 1114 Ἐπιγέρει]
1256 1033 1374 1111 ἐναγίζει.
1394 1037 1411 1111 §
1431 1037 1540 1096 ἐπιτιθεῖ
1553 1042 1591 1120 τῷ
1614 1046 1713 1124 νεκρῷ,
1728 1067 1799 1107 -ν,

201 1125 302 1208 καιρόν.
318 1159 360 1171 -
376 1122 505 1205 Μιθορία]
521 1121 599 1201 μέση.
612 1120 834 1200 -Ιίαθήκουσα]
851 1141 979 1200 παρατει-
1024 1119 1231 1199 Κυπαρισσίνας]
1247 1119 1289 1178 διὰ
1306 1119 1337 1178 τδ
1351 1120 1467 1191 ἄσηπτον
1480 1113 1555 1185 εἰναι.
1574 1160 1614 1172 -
1635 1123 1802 1215 Ἐνςπνγςῇ

164 1231 189 1271 10
200 1214 305 1292 νομίνη.
319 1243 355 1253 -
366 1210 507 1282 Ἐνταῦθα]
520 1213 546 1268 ἰν
560 1214 593 1289 τῇ
607 1208 749 1289 Θυρεάτιδι
762 1213 806 1287 γῇ.
1023 1205 1132 1287 λάρνακι
1143 1207 1269 1279 δηλονότι.
1283 1241 1323 1253 -
1336 1229 1357 1267 ε.
1371 1208 1411 1268 Τδ
1425 1208 1549 1288 δημόσιον
1562 1217 1651 1292 σῆμα]
1665 1216 1697 1277 τὸ
1710 1221 1801 1280 καλαί.
1811 1245 1831 1285 10

239 1303 344 1364 XXIX.
366 1297 420 1359 Τθν
436 1297 542 1376 Πύθεω]
560 1301 574 1355 θ
596 1298 697 1368 Πύθης,
715 1301 760 1356 τοῦ
772 1293 880 1366 Πύθεω,
897 1294 979 1354 Ἰωνι·
1024 1313 1099 1368 μενον
1115 1291 1287 1372 Κεραμεικόν.

201 1394 261 1456 κῶς.
273 1422 313 1433 -
324 1385 468 1464 Σιτάλκης]
484 1383 604 1464 βασιλεὺς
623 1382 742 1465 Θρᾴκης.
755 1417 794 1428 -
808 1382 879 1463 Παρ’
896 1382 979 1463 αὐτῷ]
1063 1382 1181 1441 XXXV.
1203 1383 1238 1441 01
1258 1379 1304 1458 μὲν
1325 1381 1418 1440 πολλοί
1431 1384 1472 1462 ,..]
1493 1387 1516 1442 οί
1531 1383 1580 1462 μὲν
1595 1389 1695 1448 πολλοὶ
1700 1434 1710 1464 ,
1729 1394 1801 1474 φησί,

201 1480 239 1558 τῷ
268 1474 397 1553 Σιτάλκη.
417 1506 456 1518 -
478 1470 617 1551 Πρόξενον]
651 1471 735 1551 ρίλον.
754 1508 789 1518 -
807 1470 898 1550 Σρίσι]
927 1472 980 1536 τοῖς
1023 1470 1074 1525 τῶν
1088 1467 1177 1526 ἐνθάδε
1187 1467 1237 1539 ήδη
1250 1468 1390 1548 εἰρηκότων
1403 1471 1536 1531 ἐπαινοῦσι
1547 1471 1593 1532 τδν
1605 1477 1801 1554 νομοθέτηντδν

202 1560 350 1634 Ἀθηναίοις.
366 1593 404 1604 -
415 1557 469 1618 Τθν
481 1556 587 1637 Τήρεω]
598 1563 612 1617 θ
626 1558 730 1638 Τήρης,
746 1562 791 1616 τοῦ
799 1557 902 1638 Τήρεω.
915 1599 946 1608 -
959 1577 979 1614 ο.
1024 1553 1163 1634 προςθέντα
1177 1557 1203 1614 ἐν
1214 1558 1252 1636 τῷ
1266 1559 1359 1623 ἑαυτοῦ
1371 1555 1443 1638 νόμῳ
1453 1557 1498 1617 τδν
1514 1558 1591 1636 λόγον
1605 1562 1654 1622 τὸν
1668 1566 1801 1627 κελεύοντα

164 1646 353 1728 115,θδρύσαις1
377 1644 503 1723 Ὀδρύσαι
525 1644 594 1712 ἔθνος
618 1650 741 1727 Θρακῶν.
758 1680 795 1690 -
818 1642 980 1722 Αὐτόνομον]
1023 1640 1144 1718 λέγεσθαι
1156 1640 1200 1700 τδν
1213 1641 1347 1722 ἐπιτάφιον
1367 1643 1410 1701 ἐπὶ
1428 1648 1481 1712 τοῖς
1494 1647 1671 1725 θαπτομένοις
1682 1653 1830 1736 δημοσίμς

203 1735 274 1802 ἰδίοις
292 1734 380 1811 νόμοις
396 1731 541 1814 χρώμενον.
555 1766 593 1778 -
607 1753 629 1793 a.
647 1732 731 1814 Τηρεῖ
748 1731 817 1811 δὲ...]
837 1730 920 1790 ἰστέον
941 1729 981 1789 ὅτι
1023 1733 1135 1789 -Τῶν
1150 1729 1237 1788 ἐνθάδε
1250 1729 1401 1810 εἰρηκότων]
1419 1735 1470 1790 τῶν
1489 1732 1605 1814 ῥητόρων
1620 1738 1754 1809 &M
1766 1777 1803 1790 .-

203 1823 314 1880 ἐνταῦθα
335 1819 411 1896 μόνον
435 1824 514 1896 μῦθον
541 1819 635 1896 εἰςάγει
657 1821 682 1876 έν
706 1824 739 1898 τῇ
762 1822 914 1899 συγγραφῇ,
936 1816 980 1875 καί
1024 1815 1077 1876 Τδν
1091 1816 1242 1897 προςθέντιι]
1261 1820 1306 1878 τὸν
1322 1816 1472 1898 νομοθέτην,
1485 1822 1607 1894 δηλονότι
1619 1823 1668 1885 τὸν
1687 1827 1802 1890 Σόλωνα.

201 1914 291 1968 τοῦτον
303 1909 439 1979 διστάζειν.
456 1936 490 1946 -
500 1904 570 1970 Οὐδὲ
583 1910 630 1980 τῆς
648 1907 729 1981 αὐτῆς
742 1904 862 1990 Θρᾴκης]
882 1907 920 1975 εἷς
936 1903 980 1965 τόν
1023 1941 1064 1952 -
1076 1908 1124 1988 Τῷ
1135 1903 1207 1988 νόμῳ
1220 1908 1263 1965 τδν
1277 1906 1364 1987 λόγον]
1377 1907 1467 1986 νόμος,
1479 1908 1519 1968 ότι
1533 1912 1572 1969 δεῖ
1584 1910 1647 1980 τούς
1658 1916 1692 1973 ἐκ
1704 1918 1802 1987 τῆςιό.

80 2063 82 2067 ,
203 1994 750 2078 αὐτδνκαίένατόποντῆςθρᾴκης.-Ὁ
760 1993 981 2076 μέν]όΤηρεύςδ
1023 1996 1088 2062 λεως
1101 1994 1278 2076 ἀνῃρημένους
1294 1995 1408 2076 δημοσίηι
1425 2000 1509 2075 ταφῆς
1525 1996 1620 2066 ἀξιοῦν.
1640 2002 1803 2083 πρσςτιθέασν

162 2099 191 2140 κο
203 2083 420 2166 ἀρχαῖος-Τό
428 2083 488 2165 περί
495 2084 539 2143 τὸν
549 2083 631 2164 Ἴτυν]
643 2081 733 2144 τοῦτόν
740 2106 807 2150 τινες
817 2082 916 2143 ’ίτυλδν
930 2105 979 2141 κα·
1024 2080 1052 2141 δί
1065 2086 1103 2164 τῷ
1116 2080 1224 2163 τοιούτῳ
1242 2080 1315 2162 νόμῳ
1332 2080 1363 2141 εδ
1381 2083 1433 2141 δεῖν
1451 2083 1497 2142 κοιί
1515 2085 1669 2167 έπιταρίους
1686 2090 1830 2160 έπαίνωςχ

202 2172 300 2232 λοῦσιν.
311 2205 344 2213 -
359 2171 406 2232 Ἐν
430 2169 538 2243 ἀηδόνος
559 2170 663 2251 μνήμη]
678 2170 736 2230 ἀντί
754 2176 800 2230 τοῦ
820 2169 981 2248 μεμνημένοι
1024 2172 1060 2237 εἰς
1074 2168 1166 2237 αὐτούς
1175 2167 1270 2248 λέγειν,
1284 2169 1298 2228 θ
1313 2169 1344 2241 δή
1357 2168 1402 2228 καί
1414 2168 1490 2248 λόγον
1504 2175 1518 2231 ό
1530 2171 1617 2255 ῥήτωρ
1631 2177 1747 2237 ἐνταῦθα
1758 2201 1802 2237 κα.

202 2261 249 2330 τῆς
264 2257 371 2332 ἀηδόνος
382 2265 429 2318 τοῦ
449 2257 547 2340 ὀρνέου.
562 2291 601 2304 -
616 2256 666 2319 Διά
680 2257 766 2330 τόσου]
783 2259 815 2316 δι’
827 2255 914 2335 ὀλίγον
928 2259 981 2316 δια·
1024 2258 1077 2328 λεῖ,
1090 2256 1136 2315 καί
1149 2254 1295 2337 προςθήκην
1309 2256 1390 2333 νόμου
1404 2259 1598 2339 προςαγορεύει.
1612 2295 1656 2306 -
1669 2265 1803 2325 Κινδυνεύ-

202 2345 343 2424 οτήματος.
359 2378 398 2390 -
414 2345 454 2405 Τθ
477 2347 541 2403 αὐτὸ
563 2345 658 2424 ὄνομα]
676 2351 723 2403 τοῦ
747 2343 864 2425 Τηρέως.
885 2383 917 2392 -
933 2343 981 2404 Ἐν
1024 2348 1098 2403 εσθαι
1149 2348 1328 2417 πιστευθῆναι]
1344 2343 1397 2403 ἀπδ
1416 2351 1502 2404 κοινοῦ
1521 2345 1565 2418 τδ,
1584 2347 1643 2424 έμοί
1665 2349 1694 2409 δί
1712 2354 1802 2433 ἀρκοῦν

202 2433 304 2514 κράτει]
316 2433 342 2490 έν
353 2431 470 2508 δυνάμει.
483 2466 523 2477 -
533 2452 556 2492 ι.
568 2425 621 2511 Οὐ]
632 2431 707 2492 ὅπου.
718 2431 810 2492 -Τθι
820 2430 863 2490 ἰπὶ
872 2430 981 2512 Θρηίκης
1025 2431 1056 2491 ἀν
1077 2431 1168 2490 ἐδόκει.
1190 2430 1248 2489 ἀντ]
1268 2436 1327 2503 τοῦ,
1348 2431 1393 2489 καί
1411 2430 1449 2508 μή
1470 2434 1497 2491 ἐν
1516 2432 1625 2515 κινδύνῳ
1641 2436 1758 2514 γίνεσθαι
1773 2438 1801 2496 τδ

162 2528 189 2569 25
202 2517 300 2599 χωρία]
326 2517 488 2589 Χαλκιδέας,
513 2518 671 2585 Βοττιαίους.
689 2553 730 2563 -
752 2518 888 2596 Ξυνελεῖν]
905 2541 981 2599 προς-
1024 2523 1284 2590 πιστευθῆναι.-ο.
1297 2516 1428 2599 Μετρίως]
1439 2518 1606 2601 συμμέτροις,
1618 2521 1831 2592 ἀξίως-Ἧι

201 2605 371 2678 ποιήσασθαι.
383 2638 423 2649 -
432 2625 454 2665 ο.
469 2604 523 2664 Τὸν
537 2603 590 2661 υἰὸν
606 2605 700 2676 αὐτοῦ,
713 2603 857 2680 Ἀθηναῖον]
871 2603 913 2662 τύν
928 2604 980 2663 υἱὸν
1025 2605 1129 2677 δόκησις
1142 2609 1188 2676 τῆς
1208 2604 1339 2676 ἀληθείας]
1359 2611 1569 2686 περιρραστικῶς
1591 2613 1610 2681 ή
1631 2612 1753 2684 ἀλήθεια,
1766 2649 1802 2660 .-

202 2698 247 2751 τοῦ
268 2691 408 2764 Σιτάλκου,
429 2690 471 2749 ίνα
495 2691 585 2750 ὴιπὸν
608 2695 643 2757 ὡς
662 2693 728 2771 ὑπὲρ
743 2690 867 2771 πατρίδος
885 2691 981 2769 ἀγωνί·
1023 2691 1063 2754 Ὅ
1076 2717 1104 2752 τε
1116 2691 1166 2774 γάρ
1181 2691 1308 2764 ξυνειδιύς]
1323 2692 1472 2764 κατασκευή
1491 2700 1537 2753 τοῦ
1548 2697 1701 2776 προοιμίου.
1714 2736 1754 2747 -
1766 2701 1801 2763 '0

202 2781 286 2852 ζητσι.
298 2780 491 2858 -Ἀθηναῖον]
512 2778 654 2851 Ἀθηναίων
675 2778 784 2851 πολίτην
801 2777 931 2851 ἐποίησεν.
942 2815 982 2826 -
1024 2804 1051 2839 τε
1065 2780 1178 2861 ἄπειρος]
1190 2779 1438 2860 προςυπακουστέον,
1450 2779 1495 2840 καί
1511 2781 1548 2859 μή
1560 2782 1657 2851 εὔνους.
1668 2810 1701 2824 -·
1714 2786 1801 2849 Ἔπη

202 2865 371 2948 Ὑπεδέχετο]
391 2866 529 2947 ὑπέσχετο.
549 2900 587 2911 -
606 2868 778 2946 Πελταστιῦν]
802 2865 885 2938 πέλτη
904 2867 981 2935 ἀσπὶς
1026 2867 1101 2926 ἀκαί
1112 2867 1307 2938 πλεονάζεσθαι]
1323 2865 1391 2924 κατά
1405 2872 1490 2927 κοινοῦ
1504 2870 1533 2927 τδ
1545 2871 1687 2948 νομίσειεν.
1703 2910 1744 2922 -
1761 2877 1801 2943 Ἐς

162 2955 421 3036 συτετράγωνος.-
440 2975 462 3015 ο.
485 2954 684 3016 Ξυνεόίῦασε...
713 2954 786 3037 ριλον
799 2954 918 3027 ἐποίησεν
939 2957 981 3013 αὐ·
1025 2953 1095 3026 δ’σον]
1109 2955 1158 3021 ἕως
1175 2946 1214 3014 οὐ.
1232 2989 1273 2999 -
1291 2957 1394 3026 Αὐτῶν]
1415 2958 1466 3014 τῶν
1485 2957 1599 3016 ἐπαίνων
1619 2960 1750 3031 δηλονότι
1766 2981 1830 3022 -νι

201 3046 255 3111 τοῖς
268 3043 312 3103 τύν
327 3042 484 3124 Περδίκκαν.
496 3078 536 3088 —-
544 3041 686 3123 Θέρμην]ε
697 3065 744 3123 χον
751 3040 802 3124 γδιρ
814 3041 896 3113 αὐτὴν
906 3042 980 3116 Ἀθη·
1025 3043 1198 3114 Ἀπιστοῦσιν]
1210 3041 1294 3100 λείπει
1304 3039 1419 3109 ἕκαστος·
1430 3041 1485 3101 ἔστι
1496 3042 1523 3102 δί
1533 3049 1635 3124 σχῆμα.
1645 3083 1687 3093 -
1697 3071 1720 3110 ν,
1731 3050 1801 3112 Ἐδν-

202 3138 278 3201 ναῐοι,
289 3135 319 3190 ἐκ
328 3128 478 3211 πολιορκίας
491 3133 654 3208 κρατοῦντες.
1025 3130 1152 3206 κιμάσθη]
1163 3128 1261 3209 ἐκρίθη.
1270 3163 1311 3173 -
1322 3128 1476 3199 Βουλήσεόις
1484 3153 1513 3188 τε
1521 3130 1568 3189 καί
1580 3131 1643 3204 δόξ]
1657 3136 1800 3212 βουλήσεως

241 3219 330 3278 XXX.
355 3217 458 3295 Σάλιον]
470 3216 500 3274 τὸ
510 3215 603 3276 Σόλιον
612 3216 729 3295 πόλισμα
738 3221 785 3288 τῆς
793 3216 901 3296 ἠπείρου
911 3217 981 3276 ἐστὶν
1026 3216 1072 3293 μὲν
1087 3215 1150 3295 πρὸς
1163 3214 1193 3273 τὸ
1204 3214 1303 3285 εύνοια,
1316 3214 1390 3287 δόξης
1401 3213 1428 3273 δέ
1441 3215 1550 3298 πρδςτύ
1563 3217 1681 3301 ἄπειρος.
1696 3257 1738 3268 -
1751 3227 1801 3285 Τν-

202 3306 272 3386 ἰντῇ
286 3302 449 3384 Ἀκαρνανίη.
463 3337 504 3347 —-
513 3301 653 3382 Ἀστακον]
666 3304 739 3370 πόλις
753 3303 929 3384 Ἀκαρνανίας.
941 3340 982 3349 -
1024 3303 1094 3383 χεῖν]
1109 3302 1198 3382 τυχεῖν
1214 3292 1284 3360 εἰπεν
1301 3305 1336 3368 ὣς
1352 3302 1404 3360 ἀπὸ
1424 3313 1571 3385 μεταροράς
1584 3308 1637 3364 τῶν
1650 3307 1801 3376 τοξευόντων

161 3401 188 3447 οἰ
202 3391 296 3463 Αὐτόν]
304 3391 347 3449 τὀν
355 3390 487 3471 τύραννον.
495 3425 535 3434 -
543 3410 566 3449 ν.
575 3389 793 3468 Προσηγάγοντο]
799 3389 980 3471 ἐχειρώσαντο.
1024 3389 1093 3449 κατὰ
1103 3395 1149 3448 τοῦ
1164 3395 1271 3448 σκοποῦ.
1285 3425 1326 3435 -
1337 3388 1383 3457 Ὡς
1395 3389 1438 3448 ἐπὶ
1447 3392 1579 3464 πλεῖστον]
1589 3392 1621 3452 τδ
1630 3394 1676 3452 ίπί
1685 3398 1829 3456 πλεῖστονε

200 3511 242 3523 -
253 3479 382 3556 Σαμαῖοι]
394 3477 494 3555 Σάμιος
505 3481 519 3535 ὁ
532 3476 584 3537 ἀπὸ
596 3476 699 3554 Σάμου,
713 3480 855 3553 Σαμαῖοςθ
867 3477 920 3535 ἀπὸ
930 3476 982 3536 Σά-
1025 3481 1119 3544 καλῶς·
1131 3479 1160 3536 οὐ
1170 3474 1221 3557 γάρ
1233 3478 1340 3535 δυνατὸν
1353 3486 1434 3537 πᾶσιν
1447 3478 1541 3555 ὁμοίως
1553 3480 1701 3561 ἀρέσκοντα
1713 3483 1800 3560 λέγειν,

201 3560 262 3643 ρης,
1025 3563 1094 3623 ἀλλὰ
1105 3563 1150 3622 καί
1162 3563 1374 3642 μέσωςπως,ίνα
1386 3563 1452 3642 μήτε
1462 3565 1551 3646 φθόνον
1561 3566 1629 3644 μήτε
1639 3571 1736 3649 ψεῦδος
1746 3570 1800 3651 δυ’ξη

143 3690 147 3699 ·
241 3652 345 3711 XXXI.
369 3649 423 3710 Καί
433 3652 456 3709 οἰ
467 3648 526 3730 περὶ
541 3649 752 3729 Πελοπόννησον]
762 3654 785 3709 οἱ
794 3648 982 3731 περιπλέοντες
1025 3650 1117 3730 λέγειν.

200 3736 270 3795 κατὰ
281 3742 328 3809 τῆς
340 3736 551 3807 Πελοποννήσου.
561 3772 602 3782 -
613 3736 726 3798 Ἔκατδν
736 3737 839 3816 ναυσίν]
849 3737 918 3805 ὄντες
932 3740 981 3810 δη·
1064 3738 1197 3798 XXXVI.
1220 3736 1267 3798 Ἐν
1281 3739 1319 3817 τῷ
1331 3739 1432 3816 τοιῷδε]
1448 3740 1486 3818 τῷ
1500 3739 1608 3820 ἐπαίνῳ.
1622 3776 1666 3788 --
1679 3763 1702 3803 2.
1716 3743 1801 3806 Ἐκεῖ-

161 3822 346 3884 ιολονότι.-
366 3820 483 3902 Ἔτυχον
502 3822 553 3904 γάρ
568 3826 595 3882 ἐν
618 3823 724 3904 Αἰγίνη]
747 3823 929 3902 μεταὶυλογία.
941 3860 982 3869 -
1024 3832 1073 3896 νοι]
1085 3827 1108 3883 οἱ
1120 3823 1250 3904 πρόγονοι.
1263 3859 1303 3870 -
1315 3824 1386 3904 Πρδς
1394 3816 1440 3896 οἷς]
1452 3829 1509 3903 μεθ’
1518 3817 1683 3887 εὐκ-Οὐκ
1692 3831 1829 3902 ἀπόνως]ιο

200 3909 269 3977 Τούς
279 3912 309 3970 ἰκ
321 3915 367 3983 τῆς
380 3909 480 3977 πόλεως
491 3919 666 3992 πανστρατιᾷ]
680 3911 739 3978 τούς
754 3910 916 3989 συμπολίτας
931 3915 979 3971 αὐ-
1024 3912 1090 3979 τινές
1104 3914 1139 3978 εἰς
1153 3910 1183 3969 τύ
1196 3914 1243 3969 οὐκ
1255 3909 1356 3977 ἀπόνως
1370 3912 1543 3980 ὑποστίζουσι.
1555 3947 1596 3957 -
1609 3932 1633 3973 ³.
1646 3917 1748 3989 Αὐτῆς]
1759 3921 1800 3989 τῖς

200 4001 252 4056 τῶν
265 3996 331 4075 μετόι
345 3996 441 4066 παντὸς
448 4002 492 4055 τοῦ
505 3995 910 4078 στρατεύματος.-Ἕπλευσαν
918 4000 981 4080 παρ’
1025 4003 1108 4081 ἀρχῆς
1124 3998 1252 4069 δηλονότι.
1267 4034 1307 4043 -
1329 3998 1433 4075 Ἡμεῖς]
1449 4006 1532 4058 ταῦτα
1551 3998 1622 4076 λέγει
1639 4005 1654 4059 ὁ
1674 4006 1800 4084 Περικλῆς

201 4086 305 4164 αὐτούς]
319 4088 377 4167 πλῷ
391 4084 554 4166 χρησόμενοι
573 4077 651 4157 ἦλθον
671 4089 706 4154 εἷς
725 4087 827 4154 αὐτούς.
843 4123 884 4133 -
896 4108 919 4147 2.
935 4088 979 4147 ’Λ-
1024 4087 1067 4146 διά
1084 4085 1132 4158 τήν
1147 4086 1238 4163 Σάμον
1251 4085 1296 4144 καί
1317 4086 1441 4159 Εὐόοιαν,
1453 4087 1485 4158 ήν
1496 4085 1571 4153 αὐτὸς
1589 4095 1643 4155 τοῖς
1663 4089 1800 4162 Ἀθηναίοις

200 4173 348 4251 κμαζούσης
359 4181 396 4246 ,..]
408 4173 494 4251 ἀκμήν
509 4172 553 4232 καί
569 4172 675 4244 αὔξησιν
688 4172 798 4254 ἐχούσης
808 4179 854 4246 τῆς
868 4174 979 4247 πόλεως,
1023 4174 1226 4256 προςεκτήσατο.
1237 4208 1276 4219 -
1287 4194 1308 4232 ι.
1322 4164 1383 4245 Ὧν]
1397 4174 1526 4255 πατέρων,
1539 4172 1555 4244 ἢ
1570 4178 1740 4254 πραγμάτων
1752 4183 1799 4238 τῶν

160 4282 187 4324 ιε
201 4261 245 4321 καί
257 4260 329 4320 οὔπω
341 4261 391 4320 ὑπδ
405 4261 480 4321 νόσου
495 4261 691 4333 ἐλαττωθείσης.
702 4298 743 4307 -
752 4261 832 4321 Αὐτοὶ
840 4261 980 4341 Ἀθηναῖοι]
1024 4261 1092 4320 κατὰ
1106 4260 1219 4337 πολεμον
1232 4263 1295 4336 ἡμῖν
1307 4259 1559 4340 παρεσκευασμένων
1571 4260 1617 4318 καί
1633 4263 1750 4343 εἰρήνην,
1763 4301 1800 4312 -
1809 4275 1829 4314 ιν

199 4351 223 4408 οἰ
236 4350 384 4431 ἀκραιφνεῖς
407 4347 452 4407 καί
466 4350 495 4407 οὐ
511 4347 585 4416 ξένοι.
600 4384 639 4394 -
653 4348 696 4408 Τἀ
716 4348 802 4408 πολλὰ
816 4353 862 4420 τῆς
874 4353 931 4428 γῆς]
945 4349 979 4407 τθι
1024 4348 1124 4419 Ἐάσιο]
1141 4347 1224 4406 ἰστέον
1241 4345 1280 4404 ότι
1293 4345 1336 4404 διὰ
1349 4351 1425 4405 τοῦτο
1439 4345 1506 4404 αὐτὰ
1520 4357 1691 4426 παραιτεῖται
1707 4352 1799 4431 λέγειν,

199 4435 301 4508 πολλά,
316 4434 383 4516 μέρη
393 4434 525 4508 δηλονότι,
543 4439 590 4507 τῆς
601 4437 661 4515 γῆς,
673 4442 718 4509 τῆς
737 4435 892 4518 Μεγαρίδος.
905 4457 976 4498 -ε,
1022 4434 1065 4493 ίνα
1079 4434 1115 4512 μή
1129 4438 1280 4512 ἀναγκασθῇ
1293 4433 1336 4492 καί
1351 4433 1384 4492 τὰ
1396 4438 1447 4491 τῶν
1461 4432 1638 4514 προκειμένων
1650 4442 1750 4518 νεκρῶν
1764 4443 1799 4498 εί-

163 4552 164 4568 ³
200 4519 311 4602 Νισαια]
323 4523 431 4581 ἐπίνειον
443 4524 584 4602 Μεγάρων.
1022 4532 1080 4581 πεῖν
1092 4525 1139 4582 οὐκ
1154 4522 1274 4600 ἀξιολογα
1294 4522 1366 4580 ὄντα.
1380 4557 1420 4566 -
1435 4521 1653 4596 Ἐπιτηδεύσεως]
1676 4527 1799 4607 πράξεως.

239 4611 357 4671 XXXII.
371 4608 607 4688 Ἀταλάντη]ήνῦν
618 4608 745 4688 λεγομένη
756 4609 919 4691 Κασανδρέα.
1022 4646 1061 4656 -
1075 4602 1151 4688 Πῖμι]
1166 4610 1337 4690 πορεύσομαι.
1352 4611 1461 4669 -Οὐκ
1476 4608 1507 4666 ἀν
1519 4611 1625 4689 ἀπρεπῆ
1644 4613 1733 4692 λεχθ]
1745 4619 1799 4676 Οὐκ

160 4705 187 4745 ⁵⁰
240 4698 375 4757 XXXIII.
397 4697 528 4777 Εὐαρχος]
550 4702 564 4756 θ
584 4697 705 4779 τύραννος
721 4697 854 4756 Ἀστάκου.
868 4701 978 4776 -Τῆς
1022 4696 1108 4763 ἀνέξω
1118 4704 1164 4756 τοῦ
1174 4695 1594 4777 προςήκοντοςλεχθῆναι.-Τδν
1602 4697 1692 4757 πάντα
1701 4692 1829 4779 θμιλον]ςυ

201 4790 334 4864 στρατιᾶς]
348 4787 400 4842 τῶν
417 4783 560 4863 Κορινθίων
575 4783 702 4856 δηλονότι.
716 4820 756 4829 -
769 4806 791 4844 ι.
807 4783 977 4863 Κατήγαγον]
1021 4784 1114 4863 σχῆμά
1127 4787 1206 4856 ἐστιν,
1222 4782 1280 4840 ἀντὶ
1294 4789 1339 4842 τοῦ
1352 4784 1431 4842 παντὶ
1444 4786 1482 4863 τῷ
1496 4781 1588 4863 ὁμίλῳ.

200 4868 244 4928 τδν
268 4869 389 4952 Εὐαρχον
413 4870 539 4941 δηλονότι.
557 4905 598 4916 -
616 4871 856 4953 Προςποιήσασθαι]
881 4873 977 4930 οἰκειο-
1060 4873 1205 4932 XXXVII.
1227 4869 1358 4950 Χρόιμεθα
1383 4870 1443 4950 γάρ]
1470 4869 1500 4927 τὸ
1520 4869 1640 4950 δεύτερον
1657 4874 1797 4956 κεφάλαιον

199 4955 367 5029 ποιήσασθαι.
379 4992 420 5002 ·-
431 4953 612 5037 Πειραθίντες]
627 4959 720 5040 πεῖραν
732 4958 846 5039 σχόντες.
860 4993 900 5003 -
917 4960 976 5018 Οὐκ
1019 4962 1064 5017 τοῦ
1075 4957 1245 5037 έγκωμίου,ή
1258 4956 1358 5035 ἀγωγή.
1368 4958 1455 5016 -Οὐ
1465 4954 1589 5034 ζηλούση]
1599 4960 1795 5045 οὐμιμσνμίνη,

190 5041 337 5126 Ιήδύνειντο]
359 5043 450 5104 λαύεῖν
469 5044 597 5118 δηλονότι.
617 5081 658 5092 -
676 5064 699 5107 ο.
721 5044 783 5106 ‘Tu’
807 5046 903 5118 αὐτῶν]
924 5047 976 5104 τῶν
1019 5080 1060 5092 -
1073 5043 1141 5114 Τούς
1158 5047 1210 5104 τῶν
1225 5043 1307 5112 πέλας
1323 5044 1426 5123 νόμους]
1442 5042 1581 5126 αἰνίττεται
1595 5044 1655 5113 τούς
1669 5053 1723 5109 τῶν
1740 5054 1797 5112 Λα-
