3676 5828
659 337 829 399 σωιοιικ.
850 337 909 417 ιιι,
931 349 984 415 aa,
1003 347 1050 400 ω.
1614 353 1651 406 ω

56 486 127 551 ὄντες
143 484 184 562 ...]
205 479 337 553 τουτέστι,
359 478 493 560 κρείσσους
514 476 560 537 καί
584 475 739 559 δασύτερον
761 477 832 544 όντις
873 476 913 537 Τό
926 474 1107 558 εῦπρεπὲςτοῦ
1123 475 1210 555 λόγου]
1225 476 1269 536 τδν
1283 476 1390 537 πιθανόν
1402 476 1489 556 λόγον.
1506 513 1546 524 -
1558 481 1653 559 Παρά-

57 572 157 654 κριταί,
170 569 238 649 ἤπερ
261 566 418 644 ἀγωνισταί,
438 567 572 647 όρθοῦνται
593 565 627 624 τδι
639 565 733 626 πλείω.
750 598 789 610 -
809 586 832 625 ε.
872 571 936 643 γειν]
952 567 1065 647 ἀπατᾷν.
1080 585 1151 624 -ο,
1165 565 1210 625 T&
1231 563 1280 641 μίν
1302 557 1379 638 ἀθλα]
1394 564 1427 625 τδι
1445 566 1524 645 κέρδη
1543 567 1576 626 τά
1600 567 1654 628 ἀπὸ

56 659 200 732 Δεινότητι]
224 655 341 716 τουτέστι
361 658 394 734 τῆ
418 656 540 735 ῥητορικῇ
559 653 676 729 δυνάμει.
693 687 738 722 -,
753 651 833 735 Παρά
873 656 917 711 τοῦ
932 651 1211 733 αἰπεῖα-Ἑτέρως]
1225 653 1278 719 τοῖς
1289 654 1479 733 δημηγοροῦσι,
1492 656 1545 722 τοῖς
1559 656 1652 737 ῥήτορ-

57 747 144 825 δόξαν]
154 744 227 827 παρδι
240 744 270 803 τὸ
281 744 371 802 δοκοῦν
385 741 430 800 καί
441 740 603 823 φαινόμενον.
618 740 645 809 ἐξ
656 732 687 798 οὗ
700 738 830 822 παρδιτλν
874 762 925 800 σιν.
944 773 984 784 -
1003 739 1147 822 Ἇναφέρει]
1171 740 1364 817 ἀναλαμθάνει,
1389 741 1554 822 ἀναδέχεται.
1571 778 1611 788 -
1630 763 1651 803 ι.

30 851 44 889 ο
58 836 190 908 ἀλήθειαν.
877 827 972 893 Κακῶς
986 829 1211 904 ἀγωνοθετοῦντας]
1227 828 1342 900 ἀνοήτως
1355 827 1413 895 τοῦς
1427 833 1529 908 ἀγῶνας
1543 831 1651 890 διατιθέ-
1668 863 1681 901 η

96 923 255 984 xxxvlll.
276 917 311 979 ‘0
330 915 406 984 αὐτός
429 918 484 994 εἰμι
500 919 533 997 τῆ
555 914 658 994 γνώμῃ]
678 914 759 993 ήγουν
783 913 836 980 τοῖς
875 935 957 990 μενοι.
973 916 990 991 §
1005 918 1091 981 κακῶς
1109 914 1203 995 ἑτέροις
1226 905 1292 974 ἀθλα
1311 915 1463 987 διδύντες·ῆ
1481 918 1511 976 τὸ
1527 919 1652 996 ἀγωνοθε-

58 1007 220 1089 δεδσγμίνοις
232 1004 346 1083 ἰμμένω.
358 1039 398 1052 -
408 1003 555 1081 Θαυμάξω]
573 1002 720 1080 σημείωσαι
732 1001 762 1060 τδ
778 1006 837 1061 θαυ-
875 1005 978 1067 τοῦντες
996 1001 1054 1060 ἀντί
1070 1007 1115 1061 τοῦ
1133 1006 1219 1070 κακῶς
1232 1002 1372 1083 κρίναντες.
1384 1038 1425 1049 -
1435 1005 1538 1065 Θεαταί
1552 1005 1600 1084 μὲν
1610 1014 1652 1078 ...]

59 1099 133 1176 μάζειν
145 1095 212 1175 μετά
225 1098 329 1175 γενικῆς
343 1092 386 1152 ἒπί
406 1099 555 1172 καταφορᾶς
573 1089 782 1168 λαμύανόμενον.
797 1123 836 1135 -
876 1090 911 1153 ὡς
922 1086 953 1145 ἀν
969 1090 992 1147 εἰ
1007 1087 1108 1167 έλεγεν·
1123 1089 1329 1166 μιτεσκεύασται
1342 1094 1394 1149 τῶν
1407 1089 1487 1150 όντων
1506 1095 1544 1175 ἀφ’
1559 1096 1620 1171 ύμῖν
1635 1098 1653 1164 ή

58 1186 160 1268 Χρόνου
174 1181 321 1263 διατριύήν]
336 1179 428 1260 ἀργίαν
447 1182 494 1250 τῆς
507 1177 634 1259 τιμωρίας
647 1180 699 1236 τῶν
713 1179 837 1247 Μιτυλη-
876 1173 959 1255 φύσις.
978 1175 1058 1243 οῦτως
1077 1175 1127 1256 γάρ
1147 1175 1255 1236 ἀκούετε
1273 1180 1324 1236 τῶν
1344 1176 1428 1256 λόγων
1456 1180 1501 1239 καί
1520 1180 1654 1240 πιστεύετε

20 1291 46 1332 ιο
59 1274 147 1333 ναίων.
159 1306 195 1316 -
205 1268 243 1329 Ὅ
258 1267 382 1349 ἕστιπρδς
392 1270 444 1326 τῶν
453 1263 627 1338 ἠδικηκότων]
638 1263 703 1345 όπερ
712 1262 837 1344 συμφέρει
876 1271 930 1330 τοῖς
944 1262 1075 1345 ῥήτορσιν,
1092 1267 1128 1331 ὡς
1139 1267 1281 1346 ὀφθαλμοῖς
1295 1264 1343 1338 τήν
1360 1265 1449 1325 πίστιν
1464 1267 1654 1347 λαμύάνοντες·
1671 1292 1696 1332 ιο

57 1369 110 1428 τοῖς
126 1357 288 1432 ἠδικηκόσιν,
306 1352 423 1436 δκέρδος
443 1353 508 1414 ἀστί.
522 1352 553 1411 τό
571 1351 774 1434 χρονοτριόῆσαι
792 1352 837 1421 δη·
877 1348 958 1418 οὕτως
971 1350 999 1409 δί
1016 1354 1150 1411 ἀπιστεῖτε
1163 1354 1216 1420 τοῖς
1230 1352 1313 1433 ἔργοις
1331 1357 1383 1421 τοῖς
1404 1355 1554 1436 δρωμένοις,
1571 1346 1655 1438 ὥςπερ

57 1447 144 1508 λονότι
158 1445 202 1505 καί
221 1443 377 1525 σκέψασθαι.
394 1432 451 1500 εἶτα
464 1441 509 1500 καὶ
524 1438 572 1511 τήν
591 1438 678 1498 αἰτίαν
694 1438 778 1517 λέγει,
798 1436 837 1496 ότι
878 1438 1078 1518 ἀκροασάμενοι.
1093 1474 1134 1485 —-
1143 1431 1193 1512 Ε’ύ]
1206 1444 1326 1508 πιθανῶς.
1336 1476 1377 1487 -·-
1388 1442 1432 1503 Τό
1444 1441 1471 1501 δέ
1482 1443 1657 1525 πεπραγμένα

59 1533 221 1614 ἀμόλύτερος
237 1532 336 1610 γίνεται
349 1533 364 1589 ό
381 1531 490 1587 ἐκδικῶν
507 1526 551 1586 δεδι
569 1526 599 1585 εδ
618 1525 669 1585 ύπδ
686 1531 731 1586 τοῦ
744 1524 838 1606 χρόνον
877 1524 939 1597 ήδη]
953 1527 983 1583 ού
1003 1531 1163 1595 σκοποῦντες.
1176 1527 1343 1588 ἀναπόδοτον.
1358 1565 1398 1575 -
1412 1530 1475 1590 Ἀπδ
1488 1536 1539 1590 τῶν
1600 1535 1657 1590 ἐπι·

58 1616 226 1704 πραύνεσθαι.
244 1619 289 1679 καὶ
309 1621 324 1675 ό
345 1616 487 1698 Εὐριπίδης
506 1622 605 1688 [Alcen.
626 1621 690 1686 8⁸11·
709 1612 839 1694 ε·Χρόνος
877 1612 1054 1690 τιμησάντων]
1068 1618 1104 1682 ὡς
1117 1614 1148 1674 ἀν
1164 1620 1186 1674 εἰ
1200 1614 1297 1695 έλεγεν,
1312 1616 1365 1675 ἀπὸ
1379 1622 1431 1677 τῶν
1445 1622 1558 1687 πιθανῶς
1572 1622 1658 1679 ἐπιτι-

20 1727 45 1767 1⁶
60 1708 171 1788 μαλάξει
182 1731 220 1768 et.
231 1735 244 1759 ι
256 1740 296 1752 -
305 1704 339 1765 ‘0
350 1703 401 1785 γάρ
412 1702 514 1783 παθών]
520 1705 607 1770 κακῶς
618 1700 746 1774 δηλονότι.
754 1735 795 1746 -
803 1699 837 1760 ‘0
880 1700 1032 1778 μησάντων·
1046 1703 1108 1770 ῶςτε
1121 1703 1151 1762 εδ
1164 1705 1248 1784 τραχύ
1262 1708 1309 1776 τῆς
1321 1705 1496 1784 ἐπιτιμήσεως
1513 1708 1608 1788 κλέψαι
1622 1712 1655 1788 τῆ
1672 1733 1697 1773 ιε

58 1795 110 1878 γάρ
123 1794 214 1855 παθὼν
230 1795 273 1873 ...]
286 1790 366 1852 εἰπὼν
381 1790 421 1851 ότι
434 1795 452 1863 ἡ
466 1795 512 1851 τοῦ
523 1790 617 1872 χρόνου
632 1786 752 1868 διατριύή
768 1812 837 1866 συμ·
878 1786 957 1867 τέχνη
970 1794 1016 1848 τοῦ
1028 1789 1119 1868 λόγου,
1134 1790 1177 1849 διὰ
1193 1796 1238 1850 τοῦ
1252 1792 1402 1853 κολακεύειν
1418 1793 1464 1853 καί
1479 1793 1564 1875 λόγειν
1577 1794 1617 1854 ότι
1628 1797 1657 1856 ού

59 1885 132 1968 φέρει
154 1887 207 1950 τοῖς
229 1879 443 1961 προηδικηκάσιν,
462 1877 547 1938 αἰτίαν
569 1877 725 1951 ἀποδίδωσι,
747 1876 782 1935 δι’
806 1876 838 1949 ῆν
879 1874 973 1955 πρέπει
983 1876 1131 1949 Ἀθηναίους
1140 1878 1216 1946 όντας
1226 1881 1495 1957 ύμᾶςκατασκάπτειν
1503 1881 1550 1949 τάς
1559 1882 1656 1952 πολεις.

60 1970 195 2053 συμφέρει.
208 1972 235 2028 έν
248 1966 300 2049 γάρ
314 1972 351 2048 τῷ
365 1967 465 2049 χρόνῳ,
479 1967 567 2047 φησίν,
584 1965 774 2045 ἀμάλύνεταιὴ
791 1969 839 2023 τοῦ
879 1962 948 2022 δοκεῖ
960 1961 1011 2045 γάρ
1030 1969 1047 2036 ἡ
1068 1965 1217 2044 ἐπιτίμησις
1233 1968 1332 2049 ἐπαίνῳ
1347 1967 1495 2050 κεκραμένη
1513 1971 1657 2046 λανθάνειν,

59 2057 185 2126 παθόντος
201 2056 281 2138 ἀργή·
302 2057 326 2114 εἰ
344 2054 372 2114 δέ
391 2054 422 2113 τδ
440 2051 583 2133 ἀμύνεσθαι
596 2056 635 2134 τῷ
651 2056 743 2111 παθεῖν
764 2049 839 2129 ἐγγύς
879 2049 924 2109 καὶ
942 2053 1043 2128 μᾶλλον
1053 2051 1210 2132 ἀγκώμιονῆ
1226 2053 1324 2136 μέμψις
1337 2055 1394 2114 ἰστί
1406 2055 1437 2115 τδ
1448 2049 1543 2135 λέγειν,
1556 2058 1601 2116 καί
1615 2061 1658 2118 δε-

17 2167 48 2207 20
60 2146 158 2217 τεθείη,
176 2143 307 2204 τουτέστιν
329 2144 353 2202 εἰ
373 2141 410 2220 μή
428 2140 527 2221 γίνοιτο
545 2144 571 2200 ἀν
592 2139 665 2221 μέσῳ
683 2139 773 2222 χρόνος
787 2160 838 2197 πο-
878 2136 965 2206 λεάζει
984 2137 1054 2220 λόγῳ
1073 2139 1131 2208 τούς
1149 2139 1300 2209 ἀκούοντας.
1316 2140 1380 2209 ὥςτε
1398 2143 1428 2202 τδ
1440 2146 1527 2212 καλῶς
1547 2146 1656 2205 ἐνταῦθα
1671 2167 1698 2207 ευ

59 2232 118 2307 λῦς,
132 2231 256 2292 ἰσόπαλόν
272 2255 301 2290 τε
312 2231 357 2290 καί
371 2228 427 2289 ίσον
435 2228 558 2308 τυγχάνει
571 2228 601 2287 τδ
621 2227 778 2305 ἀμύνεσθαι,
793 2224 836 2285 διδ
879 2225 1088 2303 έπιτιμησάντων
1105 2230 1135 2287 οὐ
1148 2228 1179 2287 τό
1196 2228 1301 2296 δικαίως
1314 2229 1377 2289 αὐτό
1391 2231 1527 2308 σημαίνει,
1545 2234 1614 2292 ἀλλά
1628 2234 1658 2293 τδ

59 2321 90 2381 τὸ
102 2321 150 2393 τὴν
160 2319 265 2400 μνήμην
281 2322 409 2400 ἀκραιφνῆ
421 2325 544 2398 παρεῖναι
557 2321 601 2375 τοῦ
618 2313 782 2375 πεπονθέναι.
799 2349 839 2359 -
879 2314 977 2394 εὐφυῶς
986 2313 1032 2372 καί
1041 2320 1153 2383 πιθανῶς
1161 2315 1228 2394 μετά
1235 2315 1413 2398 τέχνης-ο.
1424 2317 1500 2380 Μετά
1507 2320 1658 2393 καινότητος

61 2408 97 2470 ‘0
106 2408 157 2489 γάρ
173 2405 308 2479 παθὼν...]
323 2404 424 2478 παθὼν,
437 2402 530 2486 φησὶν,
540 2407 575 2470 ὡς
586 2401 730 2482 ἀμύνεσθαί
740 2425 778 2470 τις
786 2424 839 2460 πα·
880 2398 926 2477 μίν
940 2399 1029 2480 λόγου]
1041 2402 1169 2471 ποικιλίας
1182 2404 1227 2464 καί
1239 2405 1403 2485 εὐπρεπείας.
1418 2411 1501 2466 ταῦτα
1520 2408 1584 2489 πρδς
1599 2408 1659 2476 τοῦς

62 2495 137 2579 ρευθὺ
153 2493 308 2574 βουλόμενος
323 2492 433 2574 ἰσχυράν
453 2491 501 2563 τήν
517 2490 646 2572 τιμωρίαν
666 2499 792 2549 ποιεῖται·
810 2489 840 2548 τὸ
879 2488 1027 2560 Ἀθηναίους
1039 2491 1193 2566 αἰνίττεται,
1204 2491 1276 2551 οὐδέν
1288 2516 1315 2551 τι
1325 2494 1487 2571 μελετῶντας
1495 2495 1564 2566 πλὴν
1574 2495 1658 2576 λέγειν

20 2601 49 2641 αα
60 2580 112 2664 γάρ
124 2567 280 2660 ’ἀμύνασθαι
298 2579 415 2658 κείμενον
437 2580 583 2658 ἰγγύτατα,
606 2582 641 2646 ὡς
659 2576 783 2637 ἰσόπαλον
801 2575 839 2650 δν,
879 2599 907 2634 τε
920 2575 966 2635 καί
979 2577 1083 2637 ἀκούειν
1103 2578 1201 2641 καινόν.
1215 2585 1262 2653 τῆς
1274 2581 1354 2654 αὐτῆς
1367 2582 1395 2640 δέ
1418 2583 1532 2650 διανοίας
1546 2584 1601 2644 έστί
1614 2582 1659 2642 καί
1673 2598 1699 2640 2⁵

60 2675 137 2730 τοῦτο
143 2671 219 2729 ποιεῖ·
230 2668 279 2727 ὁδά
288 2666 378 2727 παθὼν
386 2665 613 2739 διάτδῆδυπαθεῖν
623 2663 840 2746 ῶςτετοῦχρόνου
880 2666 897 2734 ἡ
909 2669 954 2722 τοῦ
968 2664 1128 2745 Ἀρχιδάμου
1138 2666 1301 2747 δημηγορία,
1312 2670 1339 2726 ἀν
1352 2659 1389 2735 οἷς
1399 2670 1463 2751 φησὶ
1478 2677 1514 2743 [1,
1524 2679 1561 2743 ει]
1577 2698 1589 2722 ι
1605 2671 1659 2731 Καὶ

10 2747 20 2773 ⁸
60 2756 182 2838 περιιδὼν
194 2759 410 2837 ἀπομαρανθῆναι
425 2754 472 2826 τὴν
486 2755 575 2835 ἀργὴν,
594 2752 758 2835 ἀμόλύτερον
774 2754 839 2832 αὐτῇ
881 2748 918 2827 μὴ
940 2748 975 2809 τά
995 2754 1089 2833 ἀχρεῖα
1110 2753 1207 2822 ξυνετοί
1227 2753 1293 2832 άγαν
1314 2754 1385 2822 όντες
1400 2782 1413 2807 ν
1431 2755 1476 2815 καί
1491 2757 1525 2815 τά
1542 2757 1607 2830 ἑξῆς.
1622 2795 1660 2805 -

61 2849 168 2925 χρῆται.
183 2878 223 2889 -
236 2842 390 2920 Ἀμύνεσθαι
402 2839 429 2899 δὲ
440 2848 482 2913 ...]
499 2839 575 2922 ὁγδρ
589 2838 748 2917 ἀμυνόμενος
762 2840 839 2911 δηλο·
881 2838 1043 2899 Ἀπατάσθαι
1051 2840 1164 2922 ἀριστοι]
1175 2843 1232 2901 ἀντὶ
1241 2848 1287 2902 τοῦ
1296 2843 1437 2915 ἐπιτήδειοι
1448 2845 1493 2903 καί
1502 2845 1610 2925 ἕτοιμοι.
1621 2883 1661 2894 -

61 2932 116 2991 νότι
130 2930 254 2992 παθώντι
270 2929 411 3008 ἀμύνεται,
426 2919 550 3010 ᾧέπεται
562 2925 681 2999 δηλονότι
690 2932 707 2999 ή
717 2925 840 3007 τιμωρία.
881 2928 1120 3006 Δεδοκιμασμένου]
1136 2933 1258 3001 ἀληθοῦς·
1272 2930 1347 3012 θγδιρ
1361 2930 1456 3011 ψευδής
1474 2931 1606 3011 ἀδόκιμος.
1620 2970 1661 2980 -

20 3043 50 3084 ευ
64 3018 363 3097 -Ἀντίπαλονψήγουν
373 3015 496 3076 raom&
505 3022 563 3081 νοῦς
574 3013 842 3091 οῦτω,τδάμύνεσθαι
880 3017 976 3074 Δοῦλοι
998 3014 1069 3083 όντες
1081 3023 1122 3088 ...]
1136 3018 1221 3076 δοῦλοι
1241 3015 1312 3084 όντες
1334 3017 1375 3075 ἀεί
1387 3021 1439 3076 τῶν
1458 3018 1562 3078 ἀτόπων
1576 3020 1659 3099 λόγων
1673 3044 1700 3084 oo

62 3107 118 3167 ἰσον
130 3106 186 3167 ἰστί
195 3110 233 3187 τῷ
245 3106 376 3184 τιμωρεῖν.
392 3139 433 3149 -
446 3102 583 3181 Θαυμάζω
598 3101 625 3160 δὲ
638 3108 676 3173 ...]
692 3106 706 3160 θ
719 3101 783 3181 πρὸς
795 3100 843 3173 τήν
882 3101 927 3160 καί
938 3103 1101 3182 παραδόξων,
1113 3102 1258 3185 ὑπερόπται
1269 3102 1296 3163 δὲ
1310 3107 1362 3162 τῶν
1378 3104 1530 3186 πρεπόντων
1541 3108 1587 3167 καί
1601 3111 1661 3167 εἰω-

62 3196 180 3267 κολασιν,
201 3193 281 3275 φησί,
298 3195 351 3251 τῶν
368 3191 554 3262 Μιτυληναίων
575 3187 717 3268 ἀντιλέγων
735 3189 843 3267 δυνάμει
883 3187 973 3262 θάτων,
985 3189 1103 3249 τουτέστι
1116 3195 1335 3272 καταφρονοῦντες
1349 3195 1401 3250 τῶν
1413 3192 1539 3264 συνήθων.
1551 3193 1660 3264 Ἄλλως.

62 3288 139 3343 τοῦτο
150 3279 353 3353 κατασκευάζει,
362 3281 412 3338 κάν
421 3277 447 3347 ἐξ
457 3277 574 3349 εὐηθείας
582 3283 659 3336 τοῦτο
668 3276 706 3354 μή
717 3277 790 3357 λέγη,
803 3276 843 3336 ότι
882 3281 936 3343 τοῖς
948 3277 1100 3357 πράγμασι,
1118 3276 1255 3359 φησὶ,καί
1275 3281 1328 3344 τοῖς
1341 3277 1426 3357 λόγοις
1441 3288 1495 3347 τοῖς
1507 3281 1662 3362 παραδόξοις

63 3370 97 3430 τάι
107 3370 157 3430 ὑπὸ
164 3367 351 3440 Μιτυληναίων
358 3370 394 3434 εἰς
406 3366 554 3439 Ἀθηναίους
562 3364 713 3443 ἀδικήματα
723 3365 843 3446 ὦφίλιμά
883 3364 929 3424 καί
938 3364 975 3444 μὴ
985 3367 1137 3442 εἰθισμένοις
1148 3364 1188 3425 ἀεὶ
1197 3363 1331 3445 χαίροντες
1339 3364 1384 3425 καί
1393 3366 1569 3442 πιστεύοντες,
1579 3393 1662 3428 κατα-

20 3480 51 3520 εε
65 3460 116 3517 εἰσι
135 3458 187 3525 τοῖς
206 3454 355 3528 Ἀθηναίοις.
375 3453 433 3513 ἀπεί
453 3453 479 3513 τί
501 3453 546 3513 καὶ
569 3452 653 3532 λε’γων
672 3454 720 3515 οὐκ
740 3451 844 3522 ἀξιώσει
883 3458 1032 3534 φρονοῦντες
1044 3452 1071 3512 δί
1093 3451 1318 3531 δεδοκιμασμένων
1336 3453 1382 3514 καί
1398 3454 1533 3514 εἰωθότων.
1546 3459 1660 3517 -Τῶν
1674 3477 1701 3517 οε

64 3548 224 3616 κολασθῆναι
242 3542 349 3620 αὐτούς,
367 3576 408 3589 -
420 3541 612 3623 Ἄποφαίνειν...
630 3545 744 3613 καθιστ.]
760 3546 843 3600 ταῦτα
884 3539 1021 3613 είωθότιυν]
1035 3543 1087 3599 τῶν
1100 3541 1260 3619 πρεπόντων.
1274 3576 1306 3586 -
1325 3562 1347 3601 ο.
1365 3541 1419 3601 Καί
1437 3545 1553 3620 μάλιστα
1569 3542 1660 3621 μάν...]

63 3630 116 3713 γάρ
129 3628 216 3690 πάντα
235 3629 307 3710 παρὰ
322 3629 353 3688 τδ
368 3625 473 3710 ἐναργές
487 3628 533 3687 καί
546 3627 594 3700 τήν
608 3631 659 3687 τῶν
679 3627 843 3710 πραγμάτων
885 3628 1000 3706 μάλιστα
1014 3627 1061 3706 μίν
1076 3628 1196 3709 βούλεταί
1210 3653 1236 3688 τι
1251 3632 1341 3702 εἰπεῖν,
1352 3631 1376 3687 εἰ
1391 3629 1418 3688 δέ
1433 3629 1485 3708 μή,
1501 3630 1604 3700 πάντως
1616 3634 1663 3690 ἀν-

64 3719 142 3800 φύσιν
156 3719 224 3791 έστί,
238 3717 268 3777 τὸ
283 3717 368 3795 λέγειν
388 3721 423 3784 ὡς
440 3708 508 3778 ε’ίπε.
524 3751 564 3763 ·-
577 3715 633 3785 Τίις
653 3715 701 3794 μίν
724 3719 846 3790 Μυτιλη-
883 3718 980 3776 τειπεῖν
993 3720 1032 3797 τῷ
1044 3715 1160 3796 λέγοντι,
1179 3715 1248 3783 ὅπως
1262 3715 1299 3795 μή
1316 3716 1472 3800 βραδύτερον
1489 3718 1588 3778 ἀκείνου
1602 3719 1662 3799 δοξη

64 3805 175 3878 ναίων..]
189 3810 224 3874 ὡς
238 3806 270 3865 ἀν
287 3809 310 3864 εἰ
324 3804 451 3884 έλεγεν·ό
468 3803 654 3882 ουμύουλεύων
667 3805 731 3882 ἡμῖν
751 3805 788 3882 μή
802 3828 845 3863 τι-
884 3803 1033 3874 νενοηκέναι
1052 3802 1083 3862 τδ
1101 3801 1241 3885 συμφέρον.
1262 3804 1292 3863 τὸ
1313 3803 1386 3882 έξῆς,
1401 3805 1439 3882 μή
1460 3807 1544 3867 δοκεῖν
1562 3806 1663 3889 ὕστεροι

21 3921 53 3961 ςο
66 3892 239 3974 μωμήσασθαι
263 3890 456 3961 Μυτιληναίους
484 3893 660 3962 ἀδικήσαντας
685 3890 759 3951 οὐδέν
780 3892 846 3951 ἀλλο
885 3889 1219 3970 ἀκολουθῆσαιτῆγνῶμη.
1232 3890 1434 3971 -Τῇγνώμῃ]
1447 3892 1516 3953 κατδ
1533 3893 1581 3966 τήν
1594 3896 1661 3974 γνώ-
1674 3906 1702 3947 ιο

67 3979 188 4060 βούλεται
209 3978 304 4051 δεῖξαι,
325 3976 343 4049 ἢ
366 3977 406 4037 ότι
429 3978 463 4037 τά
486 3977 637 4055 ἀδικήματα
659 3980 744 4036 αὐτῶν
761 3977 796 4037 τά
810 3981 846 4046 εἰς
886 4000 948 4054 μην.
962 4005 997 4017 -·
1012 3996 1034 4037 7.
1052 3976 1194 4048 Ζητοῦντές
1209 4001 1238 4036 τε
1261 3977 1327 4038 ἀλλο
1339 3986 1405 4051 τι...]
1420 3979 1570 4059 καινότερα,
1584 3981 1662 4063 φησί,

64 4068 293 4150 ῆμάςάιφελοῦσι,
307 4065 353 4124 καί
366 4064 418 4148 χρὴ
440 4067 539 4144 μᾶλλον
558 4068 593 4133 ῶς
607 4064 846 4148 ιύεργέταςαθτοδς
885 4066 1018 4136 ζητοῦντες
1030 4061 1144 4145 παράτά
1153 4062 1261 4123 εἰωθότα
1274 4063 1357 4125 καίἀν
1372 4057 1409 4133 οίς
1421 4067 1618 4145 πολιτευόμεθα.
1632 4104 1664 4118 -

65 4152 240 4234 ἀποδέχεσθαι
257 4153 303 4212 καί
321 4151 422 4221 σώζειν.
440 4152 495 4212 ἰστι
513 4151 540 4212 δὲ
559 4151 573 4212 δ
590 4151 666 4236 λόγος
680 4156 713 4232 τῆ
729 4155 766 4220 είς
783 4153 845 4212 ἀτο-
886 4151 976 4223 Ἀκοῆς
985 4152 1075 4231 ἡδονῇ]
1089 4153 1169 4224 ἀκοῆς
1180 4151 1283 4233 χάριτι,
1295 4153 1450 4232 γλυκύτητι,
1461 4154 1594 4235 κολακείᾳ.
1609 4154 1664 4216 Kal

65 4264 116 4301 πον
130 4245 269 4321 ἀπαγωγῇ.
286 4276 326 4287 -
342 4240 454 4309 Ἀδικίας
474 4245 548 4318 ἡμῖν]
573 4238 751 4312 ἀςήδίκησαν
764 4245 844 4320 ἡμᾶς.
886 4238 981 4306 ἀλλως.
1011 4242 1152 4319 ῥητορικῶν
1183 4239 1268 4318 λόγων
1292 4240 1429 4322 καινότερα
1453 4241 1498 4300 καί
1529 4241 1664 4324 παράδοξα

21 4349 142 4396 αμα
165 4327 220 4389 Καὶ
241 4329 319 4401 δῆλον
343 4327 382 4387 ότι
409 4334 448 4400 ...]
470 4326 610 4401 τουτέστιν,
635 4328 680 4387 καί
702 4329 780 4400 δῆλον
806 4326 846 4387 ἀει
886 4331 947 4405 ύμῖν
965 4325 1160 4406 εἰςηγουράνων.
1175 4325 1298 4408 σοφιστάς
1311 4326 1338 4386 δί
1355 4327 1427 4405 λέγει
1446 4329 1475 4387 οῦ
1488 4327 1548 4396 τοῦς
1562 4333 1703 4411 σοφιζοιιε
1732 4332 1736 4339 ⁴

65 4418 105 4497 τῷ
115 4415 199 4495 λέγειν
210 4415 352 4484 πιστεύσας
362 4414 520 4495 ἀγωνίσαιτο
532 4414 564 4473 ἀν
574 4413 605 4473 τό
619 4416 718 4488 δοκοῦν,
729 4414 847 4474 τουτέστι
887 4413 978 4493 μένους
988 4411 1035 4484 τήν
1051 4414 1184 4486 ἀλήθειαν,
1193 4413 1262 4472 ἀλλά
1273 4413 1332 4482 τοῦς
1344 4416 1370 4473 έν
1382 4419 1415 4493 τῆ
1426 4415 1548 4497 συνηθείᾳ
1557 4415 1666 4496 λεγομέ-

43 4550 47 4562 .
66 4502 98 4563 τό
107 4503 167 4562 λίαν
191 4502 267 4572 δόξαν
282 4511 372 4575 πᾶσιν,
386 4505 422 4568 ὡς
438 4504 485 4562 ούκ
498 4500 626 4580 έγνωσται
645 4500 846 4575 Μιτυληναίοις,
885 4525 958 4572 νσες,
973 4501 1031 4567 τοῦς
1045 4502 1215 4568 διδασκάλους
1230 4504 1282 4560 τῶν
1297 4505 1440 4585 ῥητορειῶν
1453 4502 1664 4584 προάλημάτων·

67 4591 188 4658 ἀναιτίως
214 4593 346 4672 ἀποφῆναι
368 4590 414 4649 καί
434 4590 464 4649 τδ
488 4594 562 4668 κοινῆ
587 4587 663 4657 δόξαν
677 4589 723 4621 *¹²*
744 4623 784 4635 -
800 4591 847 4670 Τῷ
886 4590 978 4656 θεατάς
992 4586 1019 4647 δέ
1036 4586 1128 4655 αύτούς
1143 4586 1200 4657 τοῦς
1220 4587 1338 4666 μαθητάς
1360 4589 1406 4648 καί
1422 4589 1560 4670 ἀκροατάς.
1579 4589 1665 4674 ὥςπερ

66 4675 702 4759 λάγεινπιστεύσας]τῷπιθανολογεῖνθαρῥήσας,
716 4676 848 4758 θαρῥήσας
886 4675 936 4758 γάρ
965 4676 1103 4758 ἀκροαταὶ,
1133 4675 1211 4756 φησί,
1236 4679 1288 4735 τῶν
1315 4680 1469 4757 σοφιστικῶν
1491 4676 1576 4754 λόγοιν
1604 4680 1666 4750 2530-

22 4771 102 4848 ωτῇ
121 4766 230 4845 δυνάμει
251 4771 296 4827 τοῦ
316 4770 409 4826 ἑαυτοῦ
427 4765 513 4843 λόγου.
534 4800 573 4810 -
596 4764 637 4826 Tb
662 4763 732 4823 πάνυ
757 4765 847 4825 δοκοῦν
886 4768 932 4836 τῆς
946 4764 1077 4844 γίγνονται
1097 4763 1240 4844 κριταί,ού
1259 4763 1432 4845 πραγμάτων,
1451 4764 1495 4823 τόν
1509 4764 1586 4824 αύτδν
1606 4765 1666 4847 τρό-
1679 4790 1707 4829 ω

67 4857 259 4935 ἀνταποφῆναι]
274 4855 406 4935 ἀποφῆναι
420 4851 476 4912 έστι
489 4852 519 4913 τὸ
533 4851 656 4934 ἀρίδηλον
668 4851 713 4910 καί
727 4851 847 4934 φανεράν-
886 4874 935 4911 πον
946 4851 992 4911 καί
1005 4852 1078 4928 ὑμεῖς
1091 4851 1150 4918 τοὺς
1162 4849 1252 4929 λόγους
1265 4854 1400 4922 σκοπεῖτε,
1415 4853 1444 4910 ού
1455 4849 1489 4909 τά
1505 4851 1660 4931 πράγματα.

66 4963 158 5000 τατον·
175 4940 206 5000 ἰδ
224 4940 251 4999 δέ
264 4943 312 5000 οὐκ
332 4940 473 5019 ἔγνωσται,
491 4939 546 5000 έστι
566 4939 596 4999 εδ
617 4938 721 5021 ἀφανές.
741 4975 782 4986 -
798 4943 847 5021 Τῷ
926 4941 1056 5001 xxxlx.
1078 4929 1128 4999 'nv
1143 4936 1193 5016 ἀγὼ
1207 4937 1377 5017 πειρώμενος]
1391 4929 1427 4996 ὧν
1442 4939 1665 5017 ἰπιτηδευμάτων,

67 5025 127 5105 λάγ.
139 5050 211 5086 πιστ.
262 5027 279 5099 ῆ
291 5027 387 5110 κέρδει]
401 5027 419 5099 ῆ
433 5026 480 5098 τὴν
493 5034 537 5087 τοῦ
551 5026 629 5106 λόγου
643 5026 753 5105 δύναμιν
766 5026 848 5087 ἰνδεί-
886 5018 923 5087 ῶν
938 5017 1010 5087 εἶπεν
1028 5025 1101 5088 άοτι.
1120 5023 1160 5084 ότι
1177 5024 1250 5085 οῦδὲν
1264 5024 1329 5084 ἀλλο
1347 5021 1365 5095 ῆ
1380 5024 1520 5105 ἀδολέσχαι
1538 5025 1612 5086 εἰσίν.
1627 5060 1667 5074 --

68 5114 163 5182 ξασθαι
173 5113 367 5195 βουλόμενος,ῆ
381 5115 485 5199 κέρδους
491 5116 578 5198 χάριν,
589 5115 668 5198 φησί,
677 5115 798 5188 λαλήσει.
807 5150 848 5163 -
865 5132 870 5182 ι
887 5115 980 5184 Ἆποτο
1192 5136 1216 5175 ν.
1229 5150 1259 5166 -
1271 5111 1419 5194 Ἀποφαίνω
1431 5120 1472 5187 ...]
1482 5112 1565 5194 λέγω,
1577 5113 1664 5195 φησίν,
