3676 5828
676 305 848 367 εοιιοιιι.
871 307 925 379 ιν,
947 318 979 381 ο,
1002 319 1045 372 ιο.
1670 341 1706 392 ,³

160 443 246 507 Κίρκης
254 441 373 505 τραφέντες
382 444 492 504 χσιριῶσι
502 444 542 498 τῆς
555 437 615 494 νίας·
919 438 1063 516 πολεμίων.
1074 474 1113 485 -
1121 438 1170 500 Ἐν
1183 443 1216 522 τῇ
1230 442 1317 524 τοιᾷδε
1330 442 1444 525 ἀνάγκη]
1454 446 1522 526 ἐντῇ
1533 446 1702 527 παρεστώσῃ.

97 577 137 588 -
151 539 198 611 Μή
210 539 237 607 ἐξ
254 537 345 614 αὐτῆς]
358 535 506 615 ὁρμώμενοι
517 537 541 592 οἱ
554 533 692 606 Ἀθηναῖοι.
706 567 746 577 --
760 554 783 593 ιι.
798 528 879 591 Ἀπό-
920 523 1041 587 -Ὅσα
1051 525 1102 606 γίιρ
1113 529 1137 594 ἐς
1144 528 1262 606 ἀνάγκην
1272 533 1391 611 ἀφῖκται]
1402 538 1478 592 τοῦτο
1488 532 1640 612 ἐξηγητικόν
1650 538 1705 594 ἐστι

99 629 175 688 ὀασιν
189 629 236 686 ούκ
250 624 373 703 ἔχουσαν]
385 621 483 693 λείπει,
495 620 554 680 οὗτε
570 623 606 688 τίς
619 621 667 691 τὴν
678 624 756 692 νῆσον
773 618 831 679 οὔτε
845 621 881 685 εἰς
921 619 966 672 τοῦ
979 614 1115 696 προτέρου·
1134 620 1158 675 οἱ
1176 616 1226 698 γὰρ
1241 619 1390 697 ἀναγκαίως
1409 625 1580 702 περιεστῶτες
1594 622 1705 683 κίνδυνοι

97 717 145 788 τὴν
158 716 275 797 ἤπειρον.
291 747 331 756 -
342 715 367 771 Τ
368 710 385 768 θ
399 709 449 791 γόιρ
466 711 546 780 αὐτῆς
559 713 606 780 τῆς
627 707 760 779 Πύλου...]
779 707 813 766 τὰ
830 705 881 786 γὰρ
922 703 950 758 οὗ
970 702 1138 781 διαλογισμοῦ
1154 704 1294 786 χρῄζουσιν
1307 706 1443 787 ἀκριόοῦς,
1459 706 1527 766 ἀλλά
1540 715 1586 767 τοῦ
1603 711 1704 769 διακιν-

70 829 83 867 ς
99 806 178 874 αὐτῆς
188 807 234 872 τῆς
251 799 342 860 Πύλου
354 796 419 869 ἔξω,
431 796 464 856 τίι
483 795 611 874 ἀλίμενα,
626 794 760 867 τουτέστι,
781 794 815 852 τόν
832 793 880 862 ίξω
922 788 1035 848 δνιειίειν
1049 790 1147 858 ἀόκνως
1160 792 1206 851 καί
1221 794 1397 870 ἅμελετήτως·
1409 796 1439 854 τὸ
1452 795 1479 854 δέ
1492 795 1589 867 ήκιστα
1604 801 1651 856 οόκ
1662 798 1706 857 ἐπὶ
1720 812 1733 852 σ

97 898 142 951 τοῦ
160 889 277 959 εῖςπλου,
295 889 325 946 οό
341 883 461 966 παρέξειν
477 883 644 966 προςόρμισιν
660 892 713 949 τοῖς
731 880 880 953 Ἀθηναίοις.
922 882 966 935 τοῦ
981 868 1069 951 ήττον,
1082 878 1139 957 ἀλλ’
1152 879 1196 938 ἐπί
1210 885 1255 939 τοῦ
1267 881 1320 939 οόδ’
1330 878 1396 948 ὀλως
1407 884 1502 943 κεῖται.
1518 916 1558 927 -
1569 883 1615 951 Ἐς
1629 884 1707 964 ἀνάγ-

97 1020 131 1028 ..
147 979 202 1039 Καὶ
224 979 256 1035 δι’
271 969 401 1055 ὀλίγης...]
424 974 471 1032 οὐκ
488 973 518 1030 ἐκ
538 976 708 1052 παρασκευῆς
728 974 776 1042 τῆς
790 968 881 1029 Πύλου
922 988 970 1036 κην
984 968 1102 1047 ἀφῖκται]
1117 966 1196 1045 ήγουν
1209 968 1340 1047 ἀναγκαῖοί
1353 972 1403 1028 είσι
1416 971 1461 1029 καί
1474 970 1608 1050 βίαια-
1621 972 1706 1052 Τάδε]

97 1063 306 1145 καταληφθείσης
317 1062 367 1120 ὑπδ
378 1063 429 1118 τῶν
444 1057 585 1131 Ἀθηναίων
598 1059 628 1092 *⁴¹
639 1056 707 1137 ἔχειν
717 1059 743 1115 έν
753 1060 791 1138 τῷ
801 1054 882 1135 τείχει
922 1052 956 1110 τίι
966 1059 1137 1134 περιεστῶτα.
1150 1091 1190 1099 -
1202 1055 1391 1136 Ἐνδεχόμενα]
1405 1058 1435 1117 τὸ
1448 1058 1582 1138 ἐνδέχεται
1595 1061 1707 1119 ἐνταῦθα

97 1153 130 1212 τδι
151 1153 214 1234 πρὸς
235 1147 386 1230 πολιορκίαν
409 1147 554 1218 ἐπιτήδεια.
577 1144 639 1204 ἔνιοι
659 1144 686 1203 δέ
707 1142 774 1220 μετόι
794 1141 882 1220 ὀλίγης
923 1140 1034 1200 ἀντίτοῦ
1044 1142 1134 1210 ἁπλῶς
1143 1141 1332 1222 δέχεται.-α.
1344 1143 1416 1224 Ἐγὼ
1428 1144 1549 1225 δὲκαὶ...]
1560 1147 1708 1225 σημείωσαι

60 1267 84 1306 ιο
98 1243 274 1321 παρασκευῆς.
289 1271 328 1282 -
342 1257 364 1296 ιι.
382 1234 435 1294 Καὶ
450 1232 609 1311 διεόίόαζον]
625 1230 766 1311 περιττδςὸ
778 1229 831 1288 καί.
843 1263 883 1274 -
922 1228 952 1288 τό
969 1229 1086 1289 δυνατόν.
1101 1263 1141 1275 -
1158 1231 1229 1312 Πρὸς
1247 1234 1322 1308 ἡμῶν
1337 1228 1413 1313 όντοι]
1431 1237 1495 1310 ἡμῖν
1514 1231 1646 1314 σύμμαχα
1662 1236 1707 1295 καί
1723 1253 1748 1294 νυ

98 1327 205 1407 Λόχων]
218 1325 292 1404 λόχοι
307 1320 520 1396 Λακεδαιμονίων
530 1319 622 1392 πέντε,
637 1317 777 1390 Λίδύιλιος,
789 1315 882 1388 Σίνης,
923 1317 1044 1400 ὠφέλιμα
1057 1317 1128 1377 ὄντα.
1141 1353 1181 1362 -
1198 1320 1303 1398 Αὐτῶν]
1320 1324 1372 1379 τῷν
1388 1319 1511 1379 ἐναντίων
1525 1322 1654 1394 δηλονότι.
1667 1359 1709 1370 -

99 1416 226 1496 Σαρίνας,
239 1410 342 1483 Πλόας,
358 1408 506 1480 Μεσόιίτης.
923 1404 967 1466 Τὰ
984 1405 1137 1486 ὑπάρχοντα
1154 1410 1218 1485 ἡμῖν
1231 1408 1286 1487 κρ.]
1297 1406 1330 1466 τδι
1343 1407 1461 1490 παρόντα
1478 1411 1540 1486 ήμῖν
1551 1410 1709 1483 πλεονεκτή-

138 1506 188 1564 lx.
211 1499 401 1582 Προςὸάλλειν]
415 1503 448 1579 τῇ
464 1494 547 1576 Πύλῳ
562 1494 689 1568 δηλονότι.
705 1525 740 1534 -
754 1491 841 1554 Ναυσί
854 1515 882 1550 τε
924 1516 1006 1570 ματα.
1028 1528 1069 1538 -
1088 1515 1111 1554 ο.
1134 1492 1290 1574 ἹΙμέτερον]
1311 1499 1346 1562 είς
1364 1495 1495 1578 ἡμετέραν
1515 1497 1648 1577 βοήθειαν.
1669 1535 1710 1545 -

99 1590 156 1670 ὁίμα
170 1589 216 1648 καί
229 1588 312 1668 πεζῷ]
325 1585 405 1658 ἤγουν
425 1583 478 1642 ἀπό
491 1607 520 1642 τε
540 1589 587 1656 τῆς
606 1581 686 1653 νήσου
705 1580 751 1640 καί
768 1579 821 1639 ἀπδ
838 1584 883 1651 τῆς
925 1581 1133 1663 Ὑποχωρήσασι
1147 1582 1223 1662 δέ...]
1237 1583 1467 1666 ὑποχωρησάντων
1483 1584 1525 1658 δέ,
1539 1585 1634 1665 καίπερ
1649 1588 1709 1656 δυς-

60 1703 84 1744 ις
98 1681 184 1760 ξηρᾶς.
199 1712 239 1722 --
255 1672 470 1754 Παρεσκευάξετο
499 1673 648 1748 πολεμικῶς
663 1667 829 1747 ἡτοιμάζετο.
844 1703 884 1712 -
925 1668 1039 1746 έμόατον
1060 1669 1100 1747 δν,
1119 1670 1272 1731 εὐεπίύατον
1295 1671 1433 1749 γενήσεται
1459 1675 1512 1740 τοῖς
1537 1675 1708 1752 Λακεδαιμο·
1725 1691 1750 1729 ιε

99 1765 184 1846 Αίπερ
201 1755 267 1836 ήσαυ
285 1760 399 1841 αὐτῷ...]
418 1758 448 1824 ἀς
466 1781 521 1837 εχε
540 1755 645 1830 λοιπὰς,
660 1755 816 1822 ἀνασπάσας
834 1753 884 1813 θπό
924 1756 994 1824 νέοις.
1006 1793 1047 1803 -
1058 1757 1194 1837 Χαλεπόν]
1207 1761 1242 1827 είς
1253 1758 1374 1819 ἐπίὸασιν
1384 1760 1512 1832 δηλονότι.
1525 1760 1710 1843 -Εύπορον]

98 1854 128 1913 τδ
141 1852 265 1932 τείχισμα
279 1843 636 1929 προςεσταύρωσε,τουτέστι
648 1843 798 1915 νεωλκήσας
808 1841 885 1924 ὀρθίις
925 1845 1088 1907 εὐεπίόατον.
1104 1881 1144 1892 -
1161 1847 1216 1908 Καὶ
1236 1847 1280 1906 τὸν
1300 1845 1423 1925 πολέμιον
1444 1846 1585 1929 δεινότερον
1607 1847 1709 1928 ίξομεν]

98 1941 150 2024 πρδ
160 1946 206 2000 τοῦ
218 1936 318 2017 τείχους
329 1932 510 2017 προςέφραξευ.
523 1932 584 1992 ἔνιοι
598 1931 641 2005 δέ,
651 1931 691 1990 ὅτι
704 1930 786 1999 ξύλοις
801 1929 884 2010 ὀρθοῖς
925 1936 942 2004 ἡ
953 1931 1052 1993 διάνοια
1064 1933 1180 2008 τοιαύτη·
1193 1939 1216 1995 οἱ
1227 1934 1366 2014 πολέμιοι,
1378 1935 1469 2016 φησίν,
1482 1937 1710 2018 ὑποχωρησάντων

98 2025 300 2111 προςωχύρωσεν
314 2022 404 2088 αὐτάς.
418 2056 459 2067 --
477 2018 654 2097 Ἀνασπάσας]
670 2018 722 2078 ἀπδ
735 2021 786 2076 τῶν
803 2019 884 2096 ἀγκυ-
925 2025 1010 2098 ἡμῶν,
1026 2021 1170 2090 ἀποθάνοις
1183 2028 1235 2083 τῶν
1248 2027 1322 2101 νεῶν,
1334 2024 1379 2082 καλ
1395 2023 1545 2091 ἐπελθόντες
1562 2029 1600 2105 τῷ
1614 2025 1709 2106 τείχει,

57 2145 85 2187 20
100 2121 151 2198 ρῶν
166 2113 291 2188 δηλονότι.
307 2146 347 2156 -
356 2107 603 2191 Προςεσταύρωσεν]
618 2105 695 2189 ὀρθάς
710 2105 828 2178 ἔστησεν.
845 2140 885 2150 -
925 2108 1105 2190 χαλεπώτεροι
1119 2115 1183 2186 ἡμῖν
1196 2110 1308 2172 ίσονται.
1322 2110 1418 2178 εἰδότες
1427 2110 1478 2191 γὰρ
1488 2110 1541 2185 ότι,
1552 2111 1585 2171 δν
1595 2111 1633 2190 μὴ
1644 2136 1709 2193 κρα-
1723 2126 1751 2166 σο

99 2203 230 2274 Φαύλαις]
245 2204 301 2267 ταῖς
312 2197 465 2278 τυχούσαις,
482 2205 536 2263 ισῖς
553 2192 740 2275 ἕιιιτνχσῦσσις
754 2193 799 2253 καί
814 2195 885 2252 εὐτε·
925 2195 1050 2270 τήσωσιν,
1061 2200 1090 2256 οὐ
1103 2198 1197 2280 ρφδίως
1209 2203 1383 2281 ἀποχωρῆσαι
1398 2200 1553 2271 δυνήσονται
1569 2199 1653 2260 ὀπίσω
1667 2200 1710 2259 διό

99 2291 179 2351 λίσιν.
196 2324 236 2335 -
253 2290 294 2347 Οό
306 2283 356 2367 γὰρ
371 2276 403 2357 ήν
418 2284 501 2361 ὅπλα]
514 2285 543 2342 οὗ
557 2281 608 2364 γίιρ
628 2281 736 2340 δυνατόν
754 2271 786 2352 ήν
801 2278 885 2353 ὅπλα,
925 2283 972 2356 τήν
982 2286 1151 2366 χαλεπότητα
1165 2293 1209 2348 τοῦ
1224 2287 1337 2369 χωρίου,
1355 2286 1423 2365 μετίι
1440 2287 1564 2356 ἀπονοίας
1580 2293 1644 2366 ἡμῖν
1657 2312 1711 2366 μα·

99 2379 145 2438 καὶ
158 2376 192 2437 τίς
206 2377 271 2447 ἑξῆς·
289 2409 326 2420 -
341 2373 390 2433 Ἐκ
408 2370 594 2453 λῃστρικῆς...]
608 2368 721 2441 ἁλούσης
734 2366 885 2449 σρισιισιτό·
925 2370 1070 2453 χοῦνται,ή
1081 2373 1224 2434 ἀπολέσθαι
1236 2374 1395 2447 ξητοῦντεςῆ
1406 2378 1537 2456 κρατῆσαι
1548 2374 1709 2457 τοῦχωρίου.

102 2490 146 2549 ρου
167 2467 309 2545 λῃστρικῆς
327 2461 372 2521 καί
395 2459 503 2533 κέλητος
521 2457 572 2517 ὖιιθ
591 2456 742 2531 Ἀθηναίων,
760 2455 794 2514 ἰθ
815 2453 884 2513 ὅπλα
927 2463 1020 2541 ῥᾷστον
1043 2460 1105 2542 γὰρ,
1131 2462 1220 2543 φησίν,
1242 2462 1312 2522 ἐστίν
1331 2462 1370 2522 ἔτι
1389 2462 1483 2530 αότοθς
1501 2462 1576 2530 ὄντας
1594 2463 1637 2522 ἐπὶ
1658 2466 1709 2522 τῶν

58 2579 87 2621 σς
100 2558 152 2613 τῶν
161 2554 264 2631 λῃστῶν
274 2549 368 2609 ἔλαθον
382 2550 405 2606 οί
419 2546 545 2628 παρόντες
555 2549 593 2627 τῷ
603 2543 764 2623 Δημοσθένει
777 2542 883 2613 Πεσσή·
925 2550 988 2605 νεῶν
1015 2548 1173 2624 ἀμύνασθαι.
1193 2583 1234 2594 -
1252 2549 1410 2617 Ἀποόάντες
1431 2549 1504 2623 δέ...]
1525 2549 1648 2617 ἐκθέντες
1668 2549 1710 2626 δί,
1723 2573 1750 2612 ευ

101 2666 158 2701 νιοι.
170 2640 239 2699 ἐστιν
252 2629 296 2697 οὖν
310 2634 465 2716 ὁπερὸατόν·
477 2634 556 2713 ἤγουν
571 2636 601 2692 ἐκ
614 2635 756 2713 λῃστρικῆς
768 2653 884 2713 τριακον-
925 2633 1005 2716 φησὶ,
1015 2637 1067 2692 τῶν
1076 2639 1140 2694 νεῶν
1152 2634 1203 2694 ίσοε
1216 2635 1330 2714 γίνονται
1339 2641 1414 2714 ἡμῖν.
1426 2638 1615 2707 κατασκευάζει
1629 2635 1657 2697 ὀί
1668 2637 1711 2697 διά

100 2729 177 2811 πόρου
195 2727 240 2786 καί
260 2725 369 2798 κέλητος
392 2723 487 2783 ἐλαίου
511 2721 536 2782 οί
563 2721 655 2801 ἔτυχον
675 2718 884 2801 παραγενόμενοι
924 2720 1146 2795 τούτου,ὀτιοόδ’
1161 2722 1227 2791 ὀλως
1240 2726 1280 2783 δεῖ
1294 2727 1380 2792 αὐτοῖς
1392 2731 1564 2807 συγχωρῆσαι
1576 2728 1709 2785 κατελθεῖν

100 2819 152 2875 τῶν
164 2813 330 2885 Μεσσηνίων.
345 2811 400 2871 ίστι
412 2810 439 2869 δέ
450 2807 630 2891 τριακόντορος
644 2806 692 2885 μίν
708 2813 725 2879 ἡ
744 2806 795 2866 ίιπδ
814 2805 885 2888 τριά·
925 2813 961 2878 είς
969 2808 1018 2883 τήν
1028 2814 1088 2890 γῆν.
1101 2845 1142 2856 --
1152 2810 1197 2871 Ἐν
1209 2815 1246 2893 τῷ
1258 2811 1307 2893 ίσῳ
1320 2812 1372 2885 ήδη
1385 2813 1454 2886 τότε]
1468 2813 1520 2872 ἀπό
1532 2819 1632 2886 κοινοῦ,
1647 2817 1710 2891 ἡμῖν

100 2927 179 2964 κοντα
197 2899 369 2983 ἐρεσσομένη,
392 2897 468 2970 κέλης
488 2896 515 2955 δέ
537 2895 592 2955 ίστι
612 2894 704 2976 μικρθν
728 2894 773 2953 καί
796 2893 884 2953 στινθν
926 2897 1028 2957 ἔσονται
1041 2897 1094 2956 ίσοι
1108 2901 1143 2965 εἰς
1156 2898 1199 2957 τόν
1217 2899 1344 2977 πόλεμον,
1359 2899 1402 2959 διὰ
1416 2900 1446 2959 τό
1465 2903 1571 2983 ἀπορεῖν
1588 2905 1639 2959 ποῦ
1656 2898 1709 2982 χρή

59 3007 88 3050 οσ
101 2992 200 3050 πλοῖον.
222 3023 261 3034 -
284 3009 306 3048 2.
328 2984 488 3063 Ἀμύυασθαι
505 2983 549 3042 τὸν
568 2983 655 3054 πεζὸν,
680 2980 712 3053 ἢν
737 2981 884 3063 προςὸάλῃ]
925 2990 1144 3068 προςορμισθῆναι
1161 2985 1229 3063 μετὰ
1246 2988 1403 3069 ἀσφαλείας,
1425 2987 1468 3047 διδ
1488 2989 1519 3047 τὸ
1538 2986 1708 3065 ὀυςέμόατον.
1724 3009 1751 3050 ιο

100 3078 179 3155 ήγουν
194 3075 348 3135 άποδιόικειν
358 3073 402 3133 τὸν
413 3072 466 3131 ἀπὸ
475 3076 520 3143 τῆς
536 3070 614 3151 ξηρᾶς
627 3069 748 3150 στρατόν,
759 3068 791 3141 ἣν
808 3092 884 3150 προς·
925 3072 1158 3151 -4.Φοόεῖσθαι]
1166 3072 1250 3132 λείπει
1260 3078 1338 3152 ἡμᾶς.
1346 3110 1387 3121 --
1397 3075 1451 3136 Καὶ
1461 3078 1509 3135 οὐκ
1519 3079 1545 3136 ἐν
1555 3099 1589 3152 γη
1601 3075 1711 3157 στρατός

102 3166 170 3244 ὁάλῃ
187 3168 224 3244 τῷ
246 3162 336 3241 τείχει.
356 3196 395 3207 -
413 3160 496 3228 Αὐτὸς
511 3157 538 3217 δέ
556 3158 747 3235 ἀπολεξάμενος
766 3160 797 3217 ἐκ
813 3157 882 3216 πάν·
926 3156 1038 3242 ἐστιν...]
1053 3159 1099 3218 καί
1114 3160 1209 3236 μείζων
1224 3160 1272 3238 μέν
1290 3164 1359 3220 ἐστιν
1377 3162 1514 3244 ὁστρατδς
1535 3143 1630 3234 αὐτῶν,
1651 3161 1711 3221 ἀλλ’

101 3255 168 3332 των]
182 3251 316 3332 ἀποκόψας
330 3252 360 3309 ἐκ
376 3253 427 3308 τῶν
444 3247 588 3328 προςόντων
611 3250 649 3327 τῷ
666 3245 756 3326 τείχει.
780 3280 803 3285 ·-
825 3248 884 3307 Χα-
926 3249 973 3307 οὐκ
993 3247 1046 3305 ἀπὸ
1062 3252 1109 3326 γῆς
1123 3246 1274 3328 ὁρμώμενος
1293 3248 1352 3308 οὐδὲ
1369 3251 1396 3307 ἐν
1412 3253 1446 3329 γῇ
1465 3249 1710 3329 παραταττόμενος,

101 3342 181 3420 λεπά]
200 3337 327 3399 δύσόατα.
340 3372 385 3382 -
399 3340 454 3397 'roz
470 3335 572 3415 τείχους
595 3329 723 3416 ταύτῃ...]
745 3331 794 3406 τήν
816 3332 885 3392 κατὰ
926 3333 1710 3416 ὀπουπλεονεκτοῦσιΛακεδαιμόνιοι,ἀλλ’ὀνθαλάσσῃ,ὀπου

60 3463 89 3505 ³³
102 3435 178 3488 τοῦτο
189 3428 218 3486 τό
233 3426 310 3507 μέρος
322 3422 456 3484 ἀσθένειαν
469 3428 514 3482 τοῦ
524 3422 624 3502 τείχους
633 3419 754 3503 ἀφορμήν
765 3420 885 3502 παρέξειν
925 3420 1012 3480 πολλά
1022 3421 1121 3500 γίνεται
1131 3423 1313 3500 ἀπροςδόκητα
1327 3423 1372 3483 καλ
1386 3423 1439 3482 ἀπὸ
1450 3428 1495 3482 τοῦ
1509 3423 1652 3482 κλυδωνίου
1665 3422 1710 3482 καλ
1724 3445 1750 3486 οι

102 3524 155 3583 τοῖς
173 3512 398 3590 Λακεδαιμονίοις,
410 3511 474 3578 ὥςτε
486 3512 526 3569 ἐπ’
542 3509 606 3568 αιἰτδ
619 3513 745 3590 ὁρμῆσαι.
764 3507 885 3587 περιττδν
926 3509 1036 3568 ἀπότῷν
1045 3509 1148 3586 ἀνέμων
1162 3510 1208 3568 καί
1220 3509 1246 3579 ἐξ
1260 3510 1347 3569 ἀλλων
1355 3512 1470 3572 πολλῶν.
1479 3502 1574 3578 -Αίς
1585 3509 1711 3571 πολλίιτίι

103 3603 130 3662 δέ
144 3602 174 3662 οδ
185 3601 407 3682 προθυμήσεσθαι·
419 3599 494 3677 ἤρκει
505 3595 556 3678 γίιρ
566 3597 596 3656 τό
607 3596 813 3656 ἐπισπάσασθαι.
823 3594 885 3654 ἔνιοι
926 3596 1026 3678 καίρια]
1048 3588 1141 3664 αῖςιισι
1163 3596 1240 3655 ναυσί
1258 3600 1362 3656 πολλῶν
1382 3598 1459 3678 χρεία
1474 3603 1526 3657 τῶν
1545 3597 1710 3672 ἐπιτηδείων,

103 3693 144 3764 δὲ,
159 3688 345 3773 ἐφελκύσεσθαι
355 3685 448 3752 αὐτοὺς
459 3690 547 3764 ἡγεῖτο
557 3688 593 3751 είς
603 3684 749 3765 προθυμίαν
761 3686 845 3743 ἐκεῖνο
856 3685 886 3743 τδ
926 3676 978 3744 οῖον
989 3687 1081 3757 είπεῖν,
1096 3683 1194 3761 ἀνέμου
1207 3683 1252 3744 καί
1263 3685 1367 3766 χωρίων
1379 3685 1568 3766 φιλανθρώπων
1583 3686 1629 3744 καί
1643 3689 1711 3765 εἶρε-

103 3778 189 3860 μέρος.
203 3813 243 3823 -
253 3797 274 3836 ³.
285 3775 379 3853 Λῦτοί]
391 3779 414 3833 οί
425 3772 486 3854 περί
496 3772 540 3830 τὸν
553 3771 732 3848 Δημοσθένην.
745 3802 778 3811 -
789 3771 884 3831 Ἐλπί·
926 3770 1317 3853 σίαςεῦκαίρου,ίναδυνηθῶσιν
1328 3778 1515 3854 ἀντιταχθῆναι
1526 3779 1579 3842 τοῖς
1586 3778 1655 3855 ἐντῇ
1666 3779 1710 3854 γῇ.

62 3891 91 3934 ςι)
104 3866 187 3936 ξοντές
196 3889 259 3924 ποτε
266 3864 342 3923 ναυσί
351 3861 571 3943 κρατήσεσθαι...]
580 3863 603 3918 οί
615 3859 744 3930 Ἀθηναῖοι
753 3860 800 3917 οὐκ
809 3862 885 3939 ίσχυ-
926 3895 966 3906 -
977 3862 1033 3933 Δεῖ]
1045 3860 1076 3919 τὸ
1087 3862 1125 3919 δεῖ
1138 3860 1196 3919 ἀντί
1209 3866 1254 3920 τοῦ
1267 3860 1364 3921 εἴωθεν.
1374 3898 1415 3908 -
1427 3885 1449 3925 ε.
1458 3862 1540 3931 Ὥςτε
1549 3861 1597 3930 τάς
1608 3862 1708 3922 τούτων
1723 3881 1750 3922 ςο

105 3960 155 4036 ρῶς
168 3955 197 4013 τό
206 3952 270 4034 πρός
279 3951 414 4011 θάλασσαν
429 3949 561 4028 ἐτείχισαν
573 3952 619 4019 τῆς
632 3946 735 4019 Πύλου,
747 3949 797 4027 οὐχ
809 3944 886 4024 ήγού-
927 3948 1079 4029 ἀπορίας...]
1090 3952 1124 4015 ὡς
1133 3947 1164 4007 ἀν
1176 3951 1198 4007 εί
1208 3947 1305 4027 ἐλεγεν,
1317 3949 1407 4022 ἐπειδὴ
1418 3950 1534 4017 πλείονες
1543 3954 1619 4028 ἡμῶν
1632 3954 1709 4023 εἰσιν,

104 4066 178 4120 μενοι
199 4044 314 4100 ἐντεῦθεν
341 4037 510 4108 ἐπιθήσεσθαι
532 4034 592 4102 τοὺς
613 4033 757 4107 ἐναντίους,
781 4033 828 4093 ἅτε
852 4033 884 4106 δὴ
926 4038 1002 4114 ἡμεῖς
1021 4036 1049 4095 δὲ
1069 4035 1218 4115 ὀλάχιστοι,
1235 4035 1321 4119 ὥςπερ
1341 4037 1421 4107 ίξισοῖ
1438 4039 1469 4097 τὸ
1483 4042 1581 4110 πλῆθος
1601 4039 1665 4120 πρὸς
1678 4038 1709 4097 τό

103 4125 380 4210 θαλαττοκρατούντων
393 4123 542 4196 Ἀθηναίων.
552 4158 592 4168 -
605 4121 782 4201 Βιαζομένοις]
796 4121 886 4200 βιαίως
926 4122 1052 4205 ἡμέτερον
1063 4122 1093 4181 τό
1104 4124 1171 4182 πολὺ
1183 4129 1230 4196 τῆς
1241 4124 1364 4207 ἀπορίας,
1376 4126 1409 4198 ἣν
1421 4124 1519 4205 ἔχουσι.
1529 4160 1571 4170 -
1579 4128 1626 4205 Τῷ
1640 4130 1710 4203 ἡμε-

103 4222 229 4276 ποιοῦσιν.
254 4250 294 4262 -
319 4213 463 4290 Ἁλώσιμον
483 4211 513 4270 τό
528 4210 625 4292 χοιρίον
645 4211 790 4289 γίγνεσθαι]
813 4210 886 4278 ἐλπὶς
925 4211 993 4291 τέρῳ
1006 4210 1111 4283 πλήθει]
1127 4209 1210 4280 ίξεστι
1225 4211 1310 4289 λέγειν
1326 4213 1357 4271 τὸ
1370 4215 1468 4285 πλῆθος
1484 4213 1530 4272 καὶ
1542 4211 1586 4272 ἐπὶ
1603 4212 1709 4291 ὀλίγων.

60 4329 90 4370 st
103 4298 135 4377 ἦν
154 4303 280 4376 δηλονότι.
299 4335 340 4346 -
359 4321 381 4360 ι.
401 4299 536 4381 Χωρίσας]
551 4297 609 4365 τοὺς
629 4298 738 4365 ὁπλίτας
756 4297 884 4370 δηλονότι.
925 4297 1047 4380 Ὅμηρος
1063 4307 1103 4371 [11.
1118 4312 1150 4372 P,
1162 4306 1222 4371 σου]
1722 4314 1750 4355 ευ

143 4394 178 4452 X.
192 4390 303 4470 Ἀνδρος
311 4393 335 4448 οἱ
344 4387 527 4469 ξυναράμενοι]
537 4385 685 4468 δημηγορία
695 4383 884 4464 Δημοσθένους.
1032 4450 1038 4467 γ
1379 4449 1386 4464 Ι

102 4480 132 4540 τδ
143 4479 278 4560 προοίμιον
289 4480 319 4537 ἐκ
329 4481 465 4559 προςοχῆς.
482 4473 584 4555 είρηται
598 4474 625 4534 δέ
640 4477 677 4555 τῷ
689 4476 790 4556 δυνατῷ
805 4474 885 4557 μόνῳ.
989 4451 1074 4508 mm
1086 4466 1110 4499 τ’
1122 4449 1238 4514 ww·
1250 4451 1290 4499 καὶ
1302 4449 1402 4514 '’³³9⁸‘'
1413 4450 1486 4515 δῆμον
1497 4449 1601 4513 ἔχοντα·

102 4602 143 4613 -
157 4570 192 4628 Οί
212 4565 393 4644 ξυναράμενοι]
411 4567 435 4622 οί
454 4561 674 4645 συνεφαψάμενοι.
689 4564 826 4622 -Τοῦδε
840 4569 885 4622 τοῦ
926 4597 966 4607 --
996 4561 1144 4634 Ἀθηναίους
1170 4561 1255 4635 όντας]
1281 4560 1365 4645 ὥσπερ
1391 4562 1435 4622 διά
1463 4568 1510 4636 τῆς
1533 4557 1706 4642 προσηγορίας
1755 4590 1757 4596 ·

35 4720 39 4726 ,
103 4654 233 4732 κινδύνου]
248 4653 305 4711 ἀντὶ
318 4658 363 4711 τοῦ
374 4651 446 4710 τόνδε
459 4651 504 4709 τδν
516 4649 707 4721 κίνδυνον-ἡδὲ
718 4648 818 4708 διάνοια
828 4649 885 4709 ἀντί
927 4647 1046 4728 ἐνέφηνεν
1058 4652 1144 4708 αὐτῶν
1156 4647 1186 4708 τό
1198 4649 1302 4728 ἀξίωμα
1312 4653 1359 4721 τῆς
1372 4649 1441 4709 κατίι
1453 4650 1587 4710 θάλασσαν
1601 4646 1709 4720 έπιστή·

34 4764 42 4771 ·
61 4776 90 4817 w
105 4747 165 4814 τοῦ,
180 4740 270 4818 μηδεὶς
287 4743 314 4798 ἐν
327 4739 436 4819 τοιούτῳ
450 4735 561 4818 κινδύνῳ
576 4736 712 4822 γενόμενος
728 4735 781 4804 ὀξεῖ
793 4760 822 4795 τε
840 4738 885 4798 καί
927 4761 988 4815 μης.
1003 4772 1043 4783 -
1057 4737 1117 4798 Ἐπ’
1136 4737 1230 4805 ἀλλους
1254 4737 1426 4810 ἀπόθεσιν...]
1446 4736 1493 4810 τήν
1511 4736 1641 4796 ἀπόὸασιν
1659 4734 1707 4807 τήν

104 4827 254 4908 ἀναγκαίῳ),
273 4827 377 4893 συνετός
391 4825 523 4905 βουλέσθω
537 4826 621 4883 δοκεῖν
638 4814 718 4897 εἶναι,
733 4822 778 4883 καί
797 4824 884 4905 ἀξαρι-
926 4824 985 4884 κατ’
999 4824 1086 4886 ἀλλων
1100 4823 1213 4898 εἰδότας,
1228 4824 1281 4897 ότι,
1301 4824 1344 4882 έάν
1361 4848 1399 4891 τις
1416 4823 1580 4904 καρτερήσας
1598 4822 1706 4905 προςδέ-
1721 4850 1748 4889 ω

103 4916 201 4993 θμείτω
222 4912 255 4972 τίς
277 4912 467 4994 περιεστηκότα
491 4911 575 4984 δεινό,
596 4908 664 4969 ἀλλά
686 4911 739 4978 τοῖς
762 4911 886 4979 ἐναντίοις
926 4936 1007 4992 χηται
1024 4915 1161 4995 [θαρρῶν],
1181 4912 1227 4972 καί
1246 4912 1283 4990 μή
1298 4911 1367 4995 φύγῃ
1389 4912 1618 4993 καταπλαγείςτῷ
1633 4910 1707 4993 φόὸῳ

103 5001 253 5085 θαρσαλέως
262 4999 465 5074 ἀντιταττέσθω,
477 4998 678 5079 καταφρονήσας
690 5005 735 5058 τοῦ
748 5022 886 5080 περιέστη·
925 5007 971 5060 τοῦ
991 5001 1074 5082 ῥοθίου
1087 5001 1132 5060 καί
1145 5006 1184 5082 τῷ
1196 5001 1269 5083 φόόῳ
1283 5006 1329 5073 τῆς
1343 5000 1486 5073 δεινότητος
1499 5004 1544 5060 τοῦ
1556 4999 1707 5075 κατάπλου,

105 5091 180 5157 κότος
197 5087 323 5150 κινδύνου·
340 5091 441 5169 μᾶλλον
461 5086 513 5168 γὰρ
531 5090 545 5146 ὁ
562 5091 677 5155 τοιοῦτος
694 5087 821 5169 κρατήσει
834 5091 886 5148 τῶν
925 5088 1015 5150 πάντα
1023 5096 1153 5173 κατορθοῖ.
1161 5089 1277 5157 ὁόθιονδέ
1284 5080 1527 5170 ὀστινὸήχοςὸἀπό
1534 5092 1580 5162 τῆς
1587 5087 1706 5171 ιίρισίας.
