3676 5828
818 329 1029 390 PRAEFATIO.
1590 346 1620 419 iij

212 441 465 559 'qualem-lieri
486 460 639 530 maxime
654 458 844 547 vellemus,
862 486 929 532 nos
949 487 1095 559 quoque
1112 463 1396 561 desperavimus,
1418 495 1484 541 nec
1500 486 1621 542 tamen

217 583 525 656 committendum
547 583 665 652 visum
681 597 751 670 est,
772 597 814 652 ut
834 583 1056 680 reliquorum
1081 588 1245 685 exemplo
1270 604 1372 660 vetus
1400 591 1460 663 illa
1484 595 1619 667 AEmilii

218 707 320 778 Porti
334 718 562 803 repeteretur,
582 728 661 800 quae
674 729 788 800 quum
803 705 881 776 aliis
898 705 1021 777 multis
1036 710 1248 782 nominibus
1264 712 1483 808 reprehendi
1499 715 1620 804 debet,

219 846 301 901 tum
322 854 397 900 non
411 826 538 916 efficit,
553 827 653 925 quod
668 853 784 898 uuum
800 828 907 899 nobis
921 826 1100 922 agendum
1113 845 1198 914 erat,
1213 846 1253 902 ut
1272 832 1334 920 iis,
1350 835 1414 929 qui
1427 834 1473 905 ad
1488 836 1622 907 intelli·

218 950 337 1047 genda
348 974 458 1046 graeca
469 973 543 1019 non
560 947 631 1018 sibi
647 949 715 1044 ipsi
729 948 951 1035 sufficerent,
968 949 1141 1022 idoneum
1156 951 1304 1049 aliquod
1315 970 1527 1053 certumque
1539 958 1624 1030 sub·

218 1074 355 1146 sidium
369 1088 561 1170 pararetur.
583 1076 705 1167 ltaque
721 1097 789 1142 nos
811 1070 967 1142 mediam
983 1073 1178 1169 quamdam
1195 1078 1290 1147 viam
1305 1079 1456 1175 ingressi
1473 1080 1621 1152 latinam

216 1197 552 1293 interpretationem
568 1193 700 1265 AEmilii
720 1194 818 1266 Porti
837 1195 1039 1291 recepimus
1058 1197 1155 1270 illam
1174 1200 1322 1295 quidem
1342 1217 1377 1272 et
1398 1202 1478 1297 ipsi,
1495 1219 1622 1275 nostro

216 1341 340 1396 tamen
359 1323 415 1393 usi
427 1321 565 1417 judicio
580 1321 799 1391 mutavimus
811 1335 847 1391 et
860 1323 1081 1393 correximus
1095 1337 1194 1393 tanta
1206 1323 1427 1413 assiduitate,
1443 1340 1485 1396 ut
1498 1326 1621 1396 invitis
1673 1408 1676 1413 ,

218 1449 328 1521 uobis
341 1461 377 1517 et
389 1444 683 1541 imprudentibus
697 1469 799 1541 poene
815 1470 910 1517 nova
922 1446 1117 1533 exsisteret,
1132 1471 1241 1542 quum
1257 1471 1388 1517 novam
1406 1472 1483 1519 esse
1498 1449 1622 1520 nolue-

216 1594 351 1642 ramus.
365 1566 541 1638 Trahebat
561 1567 660 1638 euim
679 1591 747 1637 nos
770 1568 846 1663 ipsa
862 1569 914 1639 rei
937 1567 1140 1657 difficultas,
1156 1584 1191 1639 et
1210 1595 1324 1665 quum
1349 1571 1621 1667 indignaremur

217 1691 437 1764 nobilissimi
456 1690 638 1787 scriptoris
659 1691 859 1761 orationem
882 1704 944 1759 aut
965 1689 1054 1760 falso
1076 1691 1241 1761 minusve
1265 1707 1429 1763 accurate
1450 1693 1619 1790 explicari

215 1830 280 1887 aut
294 1815 476 1911 inquinari
488 1814 619 1885 vitioso
632 1812 857 1910 barbaroque
867 1811 1013 1883 dicendi
1030 1837 1171 1907 genere,
1183 1812 1272 1883 dum
1284 1813 1394 1885 modo
1404 1815 1493 1887 huic
1506 1815 1619 1887 modo

215 1938 270 2008 illi
288 1937 383 2008 malo
392 1935 592 2008 remedium
602 1936 813 2032 quaerimus,
829 1933 1195 2029 ingensexbausimus
1212 1934 1357 2005 taedium
1369 1937 1621 2034 insignemque

215 2060 390 2157 temporis
401 2059 576 2153 jacturam
595 2059 744 2130 lecimus
760 2057 1004 2129 molestiorem
1025 2074 1155 2128 caniet
1177 2059 1288 2154 magis
1309 2059 1557 2155 poenitendam
1580 2062 1617 2130 in

214 2198 292 2254 tam
310 2182 448 2277 ingrata
461 2182 622 2269 materia,
638 2182 676 2250 in
694 2205 766 2277 qua
790 2205 907 2276 neque
929 2177 1027 2275 apud
1047 2179 1137 2250 alios
1157 2204 1221 2276 par
1241 2180 1319 2251 laus
1341 2180 1543 2277 religiosam
1568 2182 1620 2253 di·

212 2303 401 2398 ligentiam
422 2301 522 2397 sequi
548 2299 655 2388 solet,
678 2324 795 2397 neque
823 2300 931 2370 etiam
956 2301 1062 2381 nobis
1088 2303 1175 2398 ipsis
1196 2303 1396 2375 satisfacere
1418 2306 1617 2401 potuimus.

212 2428 339 2512 Quum
354 2425 452 2504 enim
467 2424 505 2493 in
521 2423 593 2494 hoc
609 2423 776 2494 instituto
797 2436 924 2492 nostro
941 2446 1018 2493 non
1038 2423 1160 2494 liceret
1177 2425 1371 2521 perlectam
1388 2426 1487 2498 illam
1508 2429 1618 2497 inter-

211 2550 382 2649 pretandi
401 2551 576 2621 rationem
599 2549 717 2646 sequi,
740 2573 849 2645 quam
874 2562 996 2619 mente
1019 2546 1273 2636 cernebamus,
1296 2549 1388 2619 nibil
1404 2550 1503 2620 aliud
1520 2575 1619 2622 nunc

212 2676 394 2746 sumimus
417 2672 540 2760 nobis,
563 2673 632 2742 nisi
655 2687 696 2742 ut
715 2656 987 2767 repetiverimus
1004 2684 1038 2739 et
1056 2669 1125 2764 ipsi
1147 2669 1242 2739 Porti
1264 2669 1617 2766 interpretationem,

212 2793 279 2865 sed
300 2807 496 2864 correctam
517 2807 636 2863 tamen
659 2806 695 2861 et
711 2790 936 2861 Bekkerianae
955 2791 1108 2862 editioni
1128 2791 1447 2863 accommodatam.
1473 2794 1620 2890 Elegan-

212 2921 303 2989 tiam
327 2940 413 2987 vero
431 2931 466 2986 et
485 2941 561 2986 uon
583 2915 701 2985 solum
725 2915 919 3010 puritatem
947 2921 1009 2985 sed
1031 2916 1138 2984 etiam
1159 2914 1317 3010 aliquam
1341 2916 1443 3010 quasi
1461 2917 1617 3012 speciem

212 3040 439 3135 formamque
466 3039 640 3109 orationis
664 3038 782 3108 latinae
815 3035 985 3132 aequabili
1018 3034 1140 3104 studio
1172 3033 1390 3104 elaboratam
1417 3060 1618 3132 magnaque

212 3162 450 3258 intelligentia
467 3176 502 3233 et
525 3160 649 3231 subtili
668 3160 827 3256 quodam
846 3156 997 3229 artificio
1011 3156 1056 3228 ad
1074 3156 1288 3258 Thucydidii
1303 3158 1439 3253 ingenii
1454 3159 1618 3229 similitu·

211 3285 339 3356 dinem
357 3309 576 3381 expressam,
598 3284 756 3379 itemque
771 3281 839 3352 alia
852 3277 1016 3376 quaedam
1031 3279 1061 3348 si
1077 3278 1159 3374 quis
1177 3276 1373 3365 desideret,
1389 3303 1469 3374 quae
1488 3279 1616 3349 decora

211 3409 337 3505 potius
360 3433 468 3504 quam
486 3407 532 3479 ad
551 3421 765 3504 praesentem
786 3428 893 3475 usum
913 3401 1113 3472 necessaria
1132 3414 1234 3487 sunt,
1254 3400 1285 3468 is
1309 3425 1382 3471 non
1405 3400 1512 3471 uobis
1535 3425 1617 3471 suc·

210 3553 360 3600 censere
380 3528 505 3616 debet,
533 3530 597 3625 qui
622 3529 805 3614 fateamur,
835 3522 927 3594 uihil
953 3549 1021 3594 nos
1040 3547 1140 3592 nuuc
1162 3527 1376 3619 suscepisse,
1393 3524 1463 3594 nisi
1482 3539 1522 3593 ut
1543 3550 1618 3619 gra·

209 3654 331 3723 viores
356 3653 453 3724 Porti
473 3677 613 3724 errores
635 3652 911 3746 corrigeremus3
926 3672 1000 3743 quo
1025 3645 1055 3714 si
1073 3643 1155 3739 plus
1174 3643 1331 3737 egimus,
1352 3668 1427 3713 non
1442 3644 1542 3740 quod
1558 3645 1618 3715 de·

209 3789 283 3860 est,
304 3774 367 3845 sed
385 3774 486 3871 quod
507 3790 669 3872 superest
690 3774 859 3871 imputari
882 3769 1000 3840 debet.
1024 3766 1206 3862 Imprimis
1233 3779 1354 3835 autem
1381 3764 1452 3836 lroc
1470 3791 1614 3863 operam

209 3897 401 3985 dedimus,
415 3911 455 3969 ut
476 3922 552 3969 non
573 3896 723 3995 quidem
740 3895 946 3980 artificiose,
963 3890 1026 3962 sed
1038 3888 1248 3984 simpliciter
1262 3912 1303 3958 ac
1317 3890 1507 4005 perspicug
1520 3889 1616 3959 Tlru-

209 4019 354 4114 cydidis
369 4022 547 4091 sententia
560 4020 812 4116 explicaretur,
828 4032 863 4089 et
881 4015 1057 4100 cavimus,
1075 4036 1120 4082 ne
1133 4011 1254 4106 graecis
1274 4010 1385 4081 latina
1403 4011 1614 4085 obscuriora

209 4157 351 4229 essent,
362 4167 451 4214 neve
461 4167 571 4238 quam
582 4142 664 4238 quis
679 4143 715 4212 in
732 4140 803 4211 illis
812 4137 1082 4233 ambiguitatem
1093 4133 1149 4203 vel
1164 4133 1429 4204 dubitationem
1439 4134 1613 4223 offendat,

209 4263 365 4334 eandem
379 4279 415 4335 et
429 4266 498 4361 ipsi
517 4263 671 4336 subdole
688 4263 985 4359 relinqueremus.
1001 4259 1168 4327 Ceterum
1187 4270 1287 4325 tanta
1300 4255 1366 4326 fuit
1382 4256 1420 4325 in
1435 4257 1533 4328 Porti
1560 4259 1615 4328 in-

212 4387 466 4482 terpretatione
487 4387 659 4457 vitiorum
681 4383 894 4471 multitudo,
921 4396 962 4452 ut
992 4380 1022 4449 si
1046 4378 1147 4475 quod
1168 4377 1366 4474 aliquando
1391 4377 1614 4476 diligentiam

212 4521 374 4577 nostram
383 4506 556 4602 effugerit,
567 4506 710 4576 veniam
723 4505 831 4576 nobis
845 4502 921 4574 dari
935 4525 1079 4599 aequum
1092 4500 1154 4588 sit;
1172 4525 1288 4596 neque
1303 4500 1341 4571 id
1356 4516 1477 4572 tamen
1489 4503 1615 4574 crebro

210 4626 384 4698 accidisse
398 4652 609 4724 persuasum
624 4628 731 4699 nobis
750 4642 818 4715 est,
834 4626 897 4722 qui
916 4624 972 4696 vel
990 4626 1028 4695 in
1049 4624 1093 4696 iis
1111 4624 1220 4713 locis,
1236 4625 1300 4696 ubi
1321 4626 1485 4722 longiore
1500 4625 1614 4695 medi-

211 4749 349 4819 tatione
362 4774 437 4820 non
451 4774 543 4845 opus
558 4764 666 4838 esset,
682 4749 739 4820 bis
753 4765 850 4821 terve
863 4772 975 4845 graeca
988 4772 1071 4818 cum
1086 4748 1207 4819 latinis
1222 4749 1527 4820 contenderimus.
1544 4746 1614 4816 Sed

212 4870 304 4941 dum
327 4873 512 4944 sententiae
525 4872 706 4969 rebusque
720 4875 807 4970 ipsis
831 4874 962 4944 intenti
978 4896 1121 4959 sumus,
1142 4872 1279 4942 lucilius
1298 4869 1459 4941 accidere
1478 4869 1613 4965 potuit,

212 5008 254 5063 ut
272 5019 313 5064 ea
335 4997 467 5066 intacta
485 4996 786 5093 relinqueremus,
809 5021 888 5092 quae
912 5010 973 5066 aut
994 4993 1146 5064 barbare
1166 5010 1227 5064 aut
1249 5009 1344 5065 certe
1364 4994 1484 5062 minus
1504 4990 1614 5061 latine

211 5121 342 5186 Portus
363 5119 566 5214 scripserat.
592 5120 787 5201 oraesenim
811 5145 925 5215 quum
949 5144 991 5189 cx
1010 5117 1081 5188 boc
1104 5144 1233 5212 genere
1255 5119 1352 5188 baud
1377 5143 1490 5214 pauca
1512 5141 1613 5213 paene
