3676 5828
177 359 234 411 200
865 334 1102 398 THUCYDIDIS

175 477 307 558 Βρασίδας
320 475 347 537 δέ
359 479 393 545 ώς
405 473 563 535 ἀντελάὅετο
573 475 624 532 τῶν
637 470 785 553 μετεώρων,
797 468 866 530 κατδι
879 468 960 552 ἀσραί·
1005 475 1117 526 Brasidna
1128 480 1221 541 autem,
1233 476 1274 527 ubi
1289 477 1341 527 ioca
1354 478 1478 542 superiora
1488 483 1577 531 namna
1591 486 1645 541 est,
1662 481 1711 531 iter
1721 483 1798 533 tutim

175 570 248 627 λειαν
265 569 364 646 μᾶλλον
383 564 430 624 ἰὼν
449 560 597 642 αὐθημερόν
616 560 761 643 ἀρικνεῖται
777 561 803 626 ἐς
820 556 959 639 ’Λρνισσαν
1004 564 1105 627 iaciens,
1116 563 1200 614 εοθεω
1212 564 1251 615 die
1260 566 1365 629 primum
1376 567 1486 630 pervenit
1499 569 1626 619 Amissum
1637 571 1665 619 in
1678 570 1797 623 Perdiccae

175 659 279 738 πρῶτον
291 660 337 726 τῆς
349 652 497 733 Περδίκκου
510 653 602 730 ἀρχῆς,
632 651 662 727 (ο)
675 644 960 727 Καίαῦτοὶάργιζόμε-
1005 655 1113 716 imperio.
1147 653 1536 720 (i)lpsiquemilitesirati‚quod
1547 658 1796 724 hiacerionespriores

174 768 214 804 ναι
225 747 249 802 οἱ
265 744 469 824 στρατιῶταιτῇ
488 735 707 819 προαναχωρήσει
718 739 769 793 τῶν
787 732 958 810 Μακεδόνων,
1004 746 1168 803 recesserant,
1182 747 1211 792 ut
1223 743 1249 792 in
1269 756 1372 806 quaque
1391 744 1530 795 incidebant
1549 746 1741 797 intereundum
1757 748 1795 799 rel

175 831 245 899 ὅσοις
256 829 377 909 ἐνέτυχον
389 827 458 886 κατὰ
470 825 518 898 τήν
536 824 594 883 ὁδόν
606 823 722 902 ζεύγεσιν
735 821 959 901 αὐτῶνβσεικοῖς,
1004 830 1112 894 plaustra
1123 831 1210 891 houm,
1227 845 1283 895 quae
1294 832 1325 881 ad
1342 832 1395 882 ilios
1411 832 1578 896 pertinebant,
1591 835 1630 885 rei
1643 837 1793 899 sarcinas,ai

174 917 229 990 ἢεῖ
238 943 289 977 τινι
301 916 388 977 σκεύει
401 912 597 983 ἐκπεπτωκόσι,
610 903 652 969 οἶα
669 914 695 969 ἐν
707 914 842 990 νυκτερινῇ
856 908 901 967 καὶ
914 930 960 988 ρο·
1003 933 1060 982 quae
1074 918 1227 980 deciderant,
1239 925 1266 969 ut
1282 921 1307 969 in
1321 927 1436 971 nocturno
1454 926 1478 971 ct
1493 924 1591 985 pavoris
1607 924 1682 987 piene
1697 932 1794 989 receptu

176 1007 241 1090 θερᾷ
252 1004 420 1085 ἀναχωρήσει
430 1002 497 1069 εἰκὸς
508 994 539 1074 ἦν
549 999 694 1078 ξυμύῆναι,
705 996 737 1057 ri
748 997 796 1076 μὲν
808 998 961 1062 ὓπολύοντες
1004 1008 1133 1069 contigisse
1150 1007 1264 1058 credibile
1275 1013 1337 1068 erat,
1354 1010 1394 1059 iiia
1410 1011 1509 1072 quidem
1522 1012 1688 1063 concidebant
1701 1014 1793 1066 mirm-

175 1095 344 1165 κατέκοπτον,
351 1097 402 1151 τῶν
412 1092 439 1150 δὲ
450 1089 576 1150 οἰκείωσιν
588 1090 729 1146 ἐποιοῦντο.
754 1088 785 1164 (τι)
798 1086 860 1146 Ἀπὸ
868 1084 960 1144 τούτου
1006 1100 1057 1156 tes,
1074 1097 1118 1145 iras
1131 1110 1189 1146 rem
1204 1096 1251 1145 sibi
1270 1097 1435 1148 vendicabant.
1469 1099 1502 1163 (5)
1518 1105 1599 1164 Atque
1615 1103 1676 1152 hirae
1690 1104 1792 1166 prinmo

174 1208 204 1243 τε
219 1187 322 1264 πρῶτον
341 1179 490 1261 Περδίκκας
507 1175 640 1260 Βρασίδαν
658 1198 687 1234 τε
708 1174 834 1253 πολέμιον
856 1173 960 1251 ἐνόμισε
1006 1184 1129 1235 Perdiccas
1139 1185 1263 1235 Brasidam
1271 1185 1535 1247 hostemJudicavit‚et
1543 1188 1569 1237 in
1579 1193 1707 1251 presterum
1715 1192 1792 1240 aniam

175 1271 221 1331 καί
241 1274 266 1338 ἐς
283 1269 313 1328 εδ
331 1267 422 1327 λοιπὸν
446 1262 665 1335 Πελοποννησίων
684 1266 717 1342 τῇ
737 1261 784 1340 μὲν
809 1260 902 1340 γνώμῃ
928 1259 960 1317 δι’
1004 1274 1112 1336 concepit
1130 1273 1212 1323 odium
1235 1273 1260 1322 iu
1276 1274 1477 1337 Peloponnesios,
1493 1288 1541 1325 non
1564 1282 1712 1327 consuetum
1734 1278 1793 1329 iilud

174 1357 325 1432 Ἀθηναίους
342 1359 371 1415 οὗ
389 1354 493 1427 ξύνηθες
510 1355 586 1431 μῖσος
601 1343 680 1430 εἶχεν,
697 1355 748 1409 τῶν
766 1351 793 1408 δέ
811 1348 959 1428 ἀναγκαίων
1004 1361 1101 1423 συνίσειν
1120 1365 1216 1425 propter
1227 1362 1399 1424 Athenienses,
1412 1363 1455 1413 sed
1464 1365 1608 1415 necessariis
1619 1366 1675 1415 suis
1690 1380 1793 1417 commo·

176 1446 312 1527 ξυμφόρων
325 1441 466 1509 διαναστάς
478 1441 492 1499 ἐ
502 1464 608 1522 ιρασσεν
620 1438 671 1520 ὅτῳ
683 1437 772 1520 τρόπῳ
783 1436 896 1517 τάχιστα
907 1438 960 1504 τοῖς
1004 1449 1042 1498 drs
1056 1449 1176 1500 derelictis
1192 1450 1290 1512 agebat,
1303 1465 1352 1514 quo
1372 1451 1445 1501 modo
1463 1465 1536 1515 συεω
1551 1453 1661 1516 ρι’ἰωυιιι
1679 1469 1736 1505 cunr
1747 1456 1793 1507 iilis

176 1533 224 1613 μὲν
236 1531 398 1611 ξυμύήσεται
408 1535 460 1589 τῶν
473 1528 500 1588 δὲ
513 1526 700 1595 ἀπαλλάξεται.
1004 1538 1106 1600 quidem
1115 1539 1314 1600 compositionem
1327 1540 1428 1601 laceret,
1439 1539 1471 1589 ab
1483 1540 1521 1590 his
1532 1552 1591 1591 vero
1602 1541 1783 1594 dissociaretur.

215 1624 345 1684 CXXIX.
370 1617 501 1701 Βρασίδας
517 1615 544 1675 δὲ
561 1614 736 1695 ἀναχωρήσας
752 1616 781 1672 ἐκ
797 1612 960 1679 Μακεδονίας
1035 1629 1141 1676 cxliiii.
1158 1627 1271 1677 Brasidas
1281 1640 1339 1676 vero
1349 1641 1379 1677 eu
1396 1628 1534 1678 hinccdonla
1544 1632 1659 1680 Toronen
1669 1644 1791 1694 maerens,

175 1714 202 1778 ἐς
229 1708 354 1791 Τορώνην
379 1703 580 1784 καταλαμόάνει
602 1702 750 1773 Ἀθηναίους
780 1700 885 1774 Μένδην
907 1701 959 1773 ήδη
1003 1714 1104 1764 oileudit
1116 1715 1218 1765 hicudeu
1231 1715 1262 1764 ab
1271 1715 1457 1766 Atheniensibus
1465 1717 1514 1779 jam
1528 1724 1682 1781 occupatam.
1710 1720 1793 1784 ibique

175 1798 299 1878 ἔχοντας,
320 1795 365 1855 καί
386 1797 465 1853 αὐτοῦ
483 1791 624 1871 emptam
641 1793 665 1856 ἐς
682 1788 729 1867 μὲν
748 1788 796 1862 τήν
815 1790 960 1861 Παλλήνην
1004 1802 1164 1852 ωιθσθίσυείιι
1178 1804 1288 1854 Pallenen
1295 1804 1393 1866 quidem
1402 1808 1499 1868 propter
1507 1805 1595 1856 riuum
1604 1807 1793 1858 imbecillitates

176 1885 303 1952 ἀδύνατος
314 1884 365 1955 ήδη
387 1881 502 1959 ἐνόμιζεν
523 1817 589 1938 είναι
609 1876 701 1944 erait<
714 1882 850 1959 τιμωρεῖν,
865 1878 914 1950 τήν
933 1878 960 1937 δὲ
1004 1891 1033 1939 ad
1044 1905 1114 1953 opem
1124 1891 1243 1941 terendam
1256 1897 1314 1941 tuuc
1325 1906 1352 1942 se
1363 1893 1471 1955 trajicere
1479 1907 1527 1943 non
1539 1908 1612 1957 posse
1620 1895 1742 1958 ducebat,
1751 1896 1793 1947 aad

175 1972 302 2054 ’Τορώνην
317 1973 342 2030 ἐν
365 1971 468 2051 φυλακῇ
490 1959 567 2048 εἶχεν.
610 1967 641 2041 (ν)
664 1965 733 2025 Ὑπὸ
753 1964 804 2047 γὰρ
823 1966 867 2024 τὸν
883 1966 960 2024 αὐτὸν
1004 1981 1113 2030 Toronen
1127 1981 1238 2043 prasidio
1253 1981 1373 2030 tuebatur⁴
1412 1982 1445 2044 (a)
1460 1985 1522 2032 ham
1538 1983 1585 2033 sub
1600 1983 1667 2034 idem
1684 1990 1792 2049 ternpus,

175 2061 268 2145 χρόνον
279 2061 331 2127 τοῖς
343 2061 413 2138 ἐντῇ
427 2055 524 2137 Λύγκιρ
536 2054 693 2123 ἐξέπλευσαν
705 2053 748 2112 ἐπί
756 2077 784 2113 τε
796 2053 843 2126 τήν
855 2054 959 2127 Μένδην
1004 2081 1052 2130 quo
1071 2081 1110 2117 res
1127 2068 1192 2131 apud
1208 2071 1317 2131 Lyncum
1333 2074 1407 2131 gestae
1422 2075 1492 2131 sunt,
1507 2072 1671 2122 Athenienses
1685 2073 1792 2124 navalem

175 2149 221 2209 καί
232 2147 280 2221 τήν
293 2145 414 2218 Σκιώνην
427 2148 450 2204 οἱ
463 2144 608 2215 Ἀθηναῖοι,
621 2140 710 2222 ὥσπερ
722 2141 960 2223 παρεσκευάζοντο,
1004 2156 1179 2219 expeditionem
1191 2156 1307 2207 adversus
1319 2159 1422 2208 hleudeu
1431 2164 1455 2209 et
1464 2159 1566 2210 Scionen
1577 2165 1752 2225 susceperunt,
1763 2162 1793 2212 ad

175 2238 252 2298 ναυσί
264 2235 311 2315 μὲν
323 2233 500 2305 πεντήκοντα,
511 2224 548 2290 ὧν
559 2223 627 2304 ἦσαν
639 2229 702 2289 δίκα
715 2232 792 2304 Χῖαι,
805 2231 923 2297 ὁπλίταις
933 2230 959 2289 δέ
1004 2257 1077 2306 (priam
1094 2245 1201 2308 seprius
1219 2246 1387 2308 accingebant,
1407 2260 1463 2296 cum
1479 2248 1656 2311 maioquaginta
1674 2250 1792 2313 neribus,

175 2327 269 2407 χιλίοις
286 2328 385 2383 ἑαυτῶν
404 2322 450 2381 καὶ
462 2320 577 2389 τοξόταις
597 2317 739 2386 ἑξακοσίοις
750 2319 795 2377 καὶ
813 2315 899 2401 Θρᾳξί
916 2344 960 2398 μι-
1004 2345 1105 2394 quarum
1117 2332 1279 2383 decemerant
1291 2334 1375 2395 chire,
1389 2338 1481 2385 etcum
1493 2335 1559 2385 mille
1573 2337 1793 2398 gravisamaturae

176 2414 284 2480 σθωτοῖς
294 2411 388 2493 χιλίοις
398 2408 444 2469 καί
458 2408 545 2474 ἀλλοις
556 2412 607 2465 τῶν
620 2405 727 2464 αὐτόθεν
739 2405 885 2486 ξυμμάχων
895 2409 961 2465 πελ·
1005 2420 1120 2469 militibus
1136 2420 1166 2470 de
1182 2423 1234 2471 suis
1250 2422 1419 2485 popularibus,
1436 2428 1461 2472 et
1477 2425 1599 2473 sexcentis
1615 2427 1758 2488 sagittariis,
1769 2431 1793 2477 et

176 2502 295 2567 τασταῖς·
311 2496 467 2580 ἐστρατήγει
480 2494 507 2554 δὲ
523 2494 617 2560 Νικίας
631 2497 644 2552 δ
659 2494 810 2575 Νικηράτου
822 2495 867 2553 καὶ
880 2494 961 2556 Νικό-
1005 2508 1070 2557 mille
1082 2508 1215 2558 Thracibus
1226 2509 1336 2559 mercede
1348 2511 1488 2571 conductis,
1500 2511 1603 2575 aliisque
1611 2513 1724 2576 peltatis,
1734 2527 1793 2577 qnos

177 2592 312 2671 στρατοςθ
332 2584 492 2667 Διιτρέφους.
537 2586 567 2662 (σ)
587 2582 710 2664 Ἄραντες
727 2581 755 2641 δέ
772 2586 801 2642 ἐκ
818 2584 961 2651 Ποτιδαίας
1004 2597 1107 2646 iiiiucex
1119 2598 1170 2646 suis
1182 2598 1420 2660 sociiscoiiegeraut;
1432 2603 1533 2662 praeerat
1546 2606 1630 2650 autem
1639 2602 1721 2652 Nicias
1729 2602 1792 2653 iiiec-

176 2680 233 2743 ταῖς
246 2673 323 2733 ναυσί
342 2673 387 2732 καί
401 2670 508 2752 σχόντες
520 2670 589 2730 κατδι
606 2671 636 2730 τὸ
651 2670 826 2733 Ποσειδώνιον
845 2672 960 2753 ἐχώρουν
1005 2685 1102 2746 rali,et
1118 2685 1268 2735 {licostratus
1283 2687 1413 2749 Diitrephis
1427 2687 1499 2736 filius.
1533 2688 1568 2748 (3)
1587 2692 1673 2746 Qunam
1688 2695 1793 2741 autema

177 2767 202 2831 ἐς
221 2762 280 2830 τοὺς
300 2760 453 2826 Μενδαίους.
499 2763 535 2820 0i
555 2761 577 2818 δ’
598 2759 672 2818 αὐτοί
693 2784 722 2818 τε
741 2759 786 2818 καί
807 2761 959 2820 Σκιωναίων
1005 2773 1175 2822 residuarum
1188 2774 1457 2836 eiassesoirisseut‚et
1470 2775 1501 2824 ad
1515 2782 1677 2839 campartem
1691 2778 1793 2842 appulis·

176 2850 319 2933 splenderet
337 2846 524 2929 βεθοηθηκότες
538 2848 756 2919 Πελοποννησίων
768 2872 796 2906 τε
816 2853 839 2908 οἱ
854 2848 961 2909 ἐπίκου-
1005 2866 1070 2921 sent‚
1080 2861 1120 2910 uhi
1130 2864 1293 2926 eratlteptnui
1302 2863 1433 2926 tempium,
1442 2863 1559 2913 adversus
1568 2864 1793 2916 Alendreosoonten·

178 2963 230 3021 ρσι,
244 2938 391 3018 ξύμπαντες
403 2935 430 2994 δὲ
445 2935 596 2995 ἑπτακόσιοι
610 2936 790 3014 ὁπλῖται,καὶ
807 2938 961 3016 Πολυδαμί-
1004 2949 1100 2999 debant.
1134 2950 1164 2999 iii
1176 2955 1257 2999 autem
1269 2956 1293 3000 et
1304 2952 1350 3015 ipsi
1363 2955 1387 3000 et
1400 2952 1563 3001 Sciouaeorum
1575 2954 1692 3016 heremi,
1708 2955 1750 3018 qui
1765 2955 1792 3003 iis

177 3029 224 3094 δας
237 3031 251 3086 ὁ
272 3027 360 3108 ἀρχων
379 3028 474 3095 αὐτῶν,
490 3022 582 3104 ἔτυχον
603 3023 894 3104 ἐξεστρατοπεδευμένοι
912 3024 960 3094 ἔξω
1004 3030 1093 3079 auxilio
1103 3036 1226 3091 venerant,
1235 3038 1259 3082 et
1269 3033 1621 3095 Peloponnesiommaurihorii
1632 3036 1733 3098 milites,
1743 3036 1792 3085 uui·

176 3119 222 3187 τῆς
233 3115 333 3182 πόλεως
344 3113 387 3171 ἐπὶ
398 3112 478 3194 λόρου
491 3118 628 3193 καρτεροῦ.
656 3114 687 3188 (ι)
703 3112 757 3171 Καὶ
769 3114 855 3180 αὐτοῖς
867 3115 961 3182 Νικίας
1004 3113 1068 3162 versi
1081 3113 1224 3175 septingenti
1235 3115 1315 3177 graiis
1327 3120 1454 3164 armatura
1467 3115 1791 3179 milites,etl‘oiy‹ia1nidas

177 3204 225 3281 μὲν
241 3200 408 3268 Μεθωναίους
422 3224 450 3258 τε
465 3199 534 3279 ἐχων
548 3200 631 3259 εἴκοσι
646 3198 692 3257 καί
705 3199 798 3259 ἑκατδν
812 3202 902 3281 ψιλοὺς
915 3202 961 3262 καί
1004 3193 1111 3256 dissitum
1128 3193 1192 3256 (ΠΧ,
1208 3200 1276 3244 extra
1291 3195 1375 3245 urbem
1390 3196 1414 3244 1¹¹
1428 3195 1487 3245 ‘0¹¹²
1505 3200 1589 3245 natura
1604 3198 1702 3247 ffl⁰¹¹ii⁰
1717 3203 1794 3248 “Sin

176 3291 290 3372 λογάδας
302 3293 353 3348 τῶ,
368 3288 509 3362 pompm„
521 3291 634 3346 ὁπχπῶ,
650 3287 774 3359 ρξχ,,,,,
790 3288 835 3347 κα(
849 3290 907 3357 τοὺς
917 3315 961 3350 w,
1004 3280 1140 3336 posuerant.
1173 3274 1206 3338 (l)
1216 3278 1247 3324 Et
1254 3275 1334 3325 Nicias
1343 3276 1439 3339 quidem
1448 3290 1504 3325 cum
1513 3281 1645 3327 centumet
1655 3279 1793 3339 uigintillc·

177 3377 251 3447 ξότας
261 3377 379 3446 ἅπαντας
388 3376 456 3436 nord
465 3375 581 3457 ἀτραπόν
591 3399 649 3434 τινα
658 3381 704 3434 τοῦ
713 3374 793 3458 λόρου
802 3378 962 3491 πειρώμεγος
1005 3357 1793 3505 (ἵζεἙξεὲῖἰ,ἱζὲθέῗὲῑῑξέυίξωὲχῇᾝδᾝξΤέὓῒὲ

176 3465 341 3547 προσθῆναι,
356 3466 402 3525 καί
414 3463 652 3546 τραυματιζόμενος
666 3464 710 3521 ὑπ’
726 3467 819 3537 αὐτῶν,
834 3469 881 3524 οὐκ
894 3490 961 3538 poo—
1005 3519 1107 3570 ,ΗΕΘΜ
1140 3534 1182 3583 per
1199 3520 1320 3583 quandam
1338 3522 1406 3571 mnis
1424 3522 1535 3571 mmmm
1552 3522 1584 3571 ad
1603 3522 1659 3573 ,χω
1680 3524 1793 3575 m

177 3553 242 3625 νήθη
255 3552 404 3632 βιάσασθαί
414 3553 590 3634 Νικόστρατος
600 3550 627 3609 δὲ
638 3551 706 3631 ἄλλῃ
717 3550 800 3633 ἐφόδῳ
808 3555 837 3611 ἐκ
845 3555 961 3624 πλείονος
1004 3557 1121 3664 conatus:
1128 3603 1172 3653 sed
1181 3586 1248 3653 ahila
1262 3605 1414 3666 vulneratus,
1422 3604 1630 3655 deturbareeosri
1641 3618 1694 3657 non
1702 3609 1793 3670 potuim

177 3640 257 3699 παντὶ
271 3644 310 3720 τῷ
329 3641 401 3722 ἄλλῳ
416 3640 585 3721 στρατοπέδῳ
600 3638 680 3697 ἐπιὼν
694 3643 731 3718 τῷ
745 3639 818 3722 λόφῳ
831 3642 885 3701 ὄντι
900 3645 961 3702 ὄπ’
1005 3688 1154 3735 h'icostratus
1172 3699 1230 3734 vero
1250 3699 1325 3748 quum
1344 3688 1391 3736 alio
1411 3689 1496 3736 itinere
1511 3700 1526 3735 a
1543 3687 1653 3749 longiore
1669 3689 1793 3739 intcrraiio

176 3727 320 3836 πίοσίίάτῳ
336 3728 382 3838 (αὶ
393 3727 641 3837 πάνυωέθῗθυὸίίοζλι
654 3725 698 3784 καὶ
715 3728 837 3833 {immiov
854 3731 961 3811 ἀίίκετθ
1005 3768 1134 3816 cumomni
1142 3767 1545 3829 reliquoeuercilucoiiemaccessu
1554 3768 1680 3821 difficilem
1689 3771 1792 3831 subiret,

176 3826 230 3926 πᾶ)
242 3839 272 3875 το
285 3838 436 3923 στίαῖῑυμ(
447 3839 499 3874 rom
519 3819 813 3924 Ᾱθγναῑωχνῑκηθηναι.
856 3819 889 3896 (5)
907 3820 961 3878 Καὶ
1005 3852 1792 3917 retrrrnentisstmeconturbatuseepaulumqueahtuicquintotm

177 3926 260 3983 wilfi
274 3904 321 3980 ph
335 3906 533 3985 ῒῃῆμῑθᾳιὼί
547 3926 595 3961 Ουκ
608 3906 727 3961 ἀποίων
740 3906 763 3979 ‘d
778 3906 961 3966 Μῑνδθῑθῑκαί
1005 3934 1186 3984 Atheniensium
1200 3935 1320 3983 exercitus
1334 3935 1477 3984 vinceretur.
1506 3935 1540 3995 (5)
1556 3938 1636 3997 Atque
1649 3948 1681 3985 eo
1695 3935 1792 3999 quiden

178 3997 202 4052 oi
216 3992 365 4071 ξύμμαχοι,
380 3995 404 4050 ol
419 3992 549 4063 Ἀθηναῖοι
568 3991 787 4073 ἀναχωρήσαντες
800 3996 961 4074 ἐστρατοπε·
1005 4014 1058 4076 die,
1076 4028 1152 4078 quum
1170 4014 1272 4064 hlendmi
1290 4027 1421 4077 eorumque
1438 4014 1497 4063 socii
1512 4014 1566 4064 ioco
1583 4028 1632 4064 non
1646 4017 1790 4074 oemhseuh

178 4080 318 4152 dedecoro,
332 4079 379 4138 καί
399 4082 422 4137 oi
440 4080 567 4139 Μενδαῖοι
588 4078 678 4147 νυκτὸς
693 4080 850 4154 ἐπελθούσης
870 4084 896 4150 ἐς
913 4082 960 4155 τήν
1005 4095 1164 4148 Athenienses
1179 4095 1244 4143 illinc
1262 4095 1363 4157 regressi
1375 4100 1452 4144 castra
1464 4095 1546 4145 metali
1565 4101 1636 4158 sunt,
1650 4101 1676 4147 et
1692 4097 1791 4149 liendaei

177 4169 253 4228 πολιν
269 4170 394 4239 ἀπῆλθον.
1005 4195 1079 4245 ηιιιιιιι
1087 4193 1136 4228 uox
1145 4178 1295 4241 advenisset,
1307 4180 1332 4229 iu
1343 4180 1425 4229 urbem
1437 4180 1556 4229 abierunt.

218 4257 331 4316 CXXX.
353 4258 396 4335 Τῇ
411 4255 433 4313 δ’
444 4253 569 4336 ὑστεραία
581 4258 604 4314 ol
617 4256 665 4333 μὲν
677 4255 807 4328 Ἀθηναῖοι
819 4281 852 4316 πε
872 4258 962 4318 ιπλεύ-
1036 4267 1130 4314 cxxx.
1148 4261 1266 4312 Postridie
1273 4262 1495 4313 veroAthenienses
1501 4260 1601 4324 quidem
1607 4263 1791 4315 classecimmn·

178 4366 270 4409 σαντες
282 4345 307 4408 ἐς
320 4341 349 4400 τὸ
363 4341 427 4423 πρὸς
442 4340 561 4413 Σκιώνης
574 4341 605 4400 τά
620 4366 649 4401 τε
661 4342 816 4424 προάστειον
832 4281 900 4404 eidos
916 4347 961 4404 καὶ
1005 4352 1068 4401 rech
1077 4351 1108 4400 ad
1118 4364 1170 4400 eam
1180 4354 1287 4413 partem,
1297 4364 1352 4413 quar
1365 4350 1465 4399 Scioneu
1475 4349 1612 4415 spectabat,
1620 4354 1647 4401 et
1654 4352 1792 4403 suburbana

176 4434 226 4503 τήν
240 4429 342 4511 ἡμέραν
358 4430 463 4488 ἅπασαν
478 4428 569 4509 ἐδῄουν
583 4427 631 4501 τὴν
643 4436 692 4510 γῆν
706 4431 808 4499 οὐδενὸς
819 4433 962 4502 ἐπεξιόντος
1006 4444 1133 4503 ceperunt,
1152 4441 1277 4500 totumque
1288 4437 1352 4488 diem
1368 4438 1435 4486 iilum
1447 4437 1471 4486 in
1483 4450 1540 4499 agro
1551 4438 1672 4489 vastando
1682 4454 1792 4491 οοιιειιιιι·

178 4509 224 4595 (ἦν
238 4517 288 4598 γάρ
308 4541 333 4576 τι
347 4515 392 4576 καί
407 4522 572 4594 στασιασμοῦ
592 4519 618 4574 ἐν
635 4540 669 4597 τη
682 4518 788 4595 πώλει),
807 4524 830 4579 ol
845 4520 872 4579 δὲ
887 4545 961 4602 τρια·
1005 4531 1117 4590 pseumt,
1127 4527 1194 4575 nulio
1207 4531 1289 4575 contra
1301 4525 1432 4589 prodeunte
1442 4526 1507 4589 (erat
1518 4525 1583 4575 enhu
1595 4529 1620 4575 et
1632 4528 1744 4578 nonnihil
1754 4542 1792 4578 se·

178 4604 261 4664 κόσιοι
272 4608 323 4663 τῶν
336 4603 488 4664 Σκιωναίων
498 4609 544 4675 τῆς
554 4604 677 4677 ἐπιούσης
686 4607 776 4673 νυκτὸς
783 4607 962 4689 ἀπεχώρησαν
1005 4615 1102 4664 ditionis
1108 4614 1280 4676 intraurbem),
1287 4613 1320 4662 iili
1328 4625 1384 4663 vero
1391 4614 1489 4663 trecenti
1497 4614 1598 4663 δοίσιαυί
1608 4617 1791 4677 proximanocte

178 4693 311 4752 ἓπόίκου.
354 4694 385 4770 (ν)
399 4691 496 4771 Καίτῇ
509 4693 791 4776 ἐπιγιγνομένῃήμέρορ
807 4696 901 4762 Νικίας
914 4695 961 4773 μὲν
1006 4704 1104 4752 domum
1120 4701 1238 4751 abierunt.
1272 4702 1305 4765 (ν)
1317 4700 1435 4751 Postridie
1450 4706 1532 4751 autem
1542 4702 1623 4751 Nicias
1631 4703 1791 4765 quidemuno

179 4784 217 4861 τῷ
237 4780 327 4858 ήμίσει
350 4786 397 4839 τοῦ
423 4786 533 4860 στρατοῦ
557 4780 655 4860 προῖὼν
676 4780 733 4858 άμα
755 4785 779 4848 ἐς
796 4782 830 4840 τά
854 4783 960 4864 μεθόρια
1005 4789 1137 4853 eodemque
1148 4794 1254 4852 tempore
1262 4802 1318 4838 cum
1330 4788 1429 4838 dimidio
1438 4789 1560 4851 copiarum
1570 4790 1791 4852 parteadoendnia

178 4871 230 4926 τῶν
250 4867 402 4927 Σκιωναίων
422 4867 469 4939 τήν
490 4872 539 4946 γῆν
559 4867 650 4947 ἐδῄου,
671 4869 849 4950 Νικόστρατος
868 4870 895 4929 δὲ
909 4873 962 4938 τοῖς
1005 4891 1144 4941 progressus
1156 4878 1316 4927 Scioumorum
1332 4889 1414 4938 agrum
1428 4876 1552 4939 vastabat,
1564 4877 1718 4929 Nicostratus
1733 4892 1791 4929 uero

179 4956 278 5021 λοιποῖς
292 4954 360 5013 κατά
376 4954 423 5023 τὰς
437 4955 490 5013 ἀνω
503 4954 604 5027 πύλας,
618 4948 637 5035 ή
653 4955 696 5014 ἐπὶ
716 4956 858 5024 Πατιδαίας
873 4956 961 5039 ἐρχον·
1004 4978 1059 5014 cum
1077 4965 1174 5027 reliquis
1191 4964 1266 5027 copiis
1282 4976 1296 5012 a
1312 4963 1474 5025 superioribus
1487 4964 1575 5027 portis,
1592 4978 1642 5028 qua
1657 4965 1789 5017 Potidaearu

179 5063 237 5112 ται,
256 5041 438 5120 προσεκάθητο
452 5046 485 5122 τῇ
501 5040 585 5103 πόλει.
635 5043 667 5122 (3)
683 5042 714 5103 Ὁ
733 5042 760 5102 δέ
776 5045 962 5122 Πολυδαμίδας
1004 5053 1156 5113 itur,urbem
1167 5050 1301 5102 obsidebat.
1335 5051 1367 5114 (3)
1376 5050 1545 5113 Polydamidas
1554 5052 1790 5116 roomporeeoim

182 5127 273 5206 (ἔτυχε
286 5126 337 5209 γὰρ
352 5128 434 5208 ταύτῃ
447 5138 499 5197 τοῖς
513 5128 651 5197 Μενδαίοις
668 5130 713 5190 καί
728 5129 873 5213 ἐπικούροις
891 5132 960 5201 ἐντὸς
1005 5140 1036 5191 ad
1047 5140 1108 5191 hanc
1117 5140 1183 5191 urhis
1191 5144 1283 5204 partem
1293 5139 1354 5189 iutra
1365 5150 1448 5190 muros
1459 5138 1585 5192 stationem
1595 5138 1789 5194 ilabebauthica·
