3676 5828
683 309 876 370 msroula·
895 309 966 370 Lm.
988 309 1042 382 vl,
1064 319 1101 370 60
1116 343 1156 356 -
1169 321 1216 373 63.
1693 330 1749 385 260

148 440 223 501 αιἰτοί
237 439 306 499 κατά
320 441 349 498 τὸ
364 440 471 517 μήνυμα
485 439 653 508 ξυλλαόόντες
666 439 726 506 τοὺς
739 439 848 520 ἄνδρας,
861 462 930 520 προ-
970 447 1007 497 los
1024 452 1118 498 mature
1133 449 1381 513 comprehendissent,
1398 452 1505 503 futurum
1520 453 1607 515 inisse,
1626 457 1654 506 nt
1669 458 1755 508 civitas

149 528 255 598 δοθῆναι
268 525 300 585 ἂν
313 532 329 598 d
342 527 425 593 πόλις.
441 527 495 587 Καί
505 551 563 585 τινα
576 527 639 604 μίαν
650 527 732 586 νύκτα
744 527 789 586 καὶ
802 527 931 608 κατίδαρ-
971 533 1117 598 proderetur.
1149 536 1218 586 Unde
1227 537 1299 586 etiam
1309 540 1507 602 unamquandaru
1518 547 1611 592 noctem
1621 544 1684 607 apud
1694 546 1755 595 Tho

146 619 192 672 θον
207 617 234 672 ἐν
248 615 356 696 Θησείῳ
367 619 405 695 τῷ
422 617 448 672 έν
460 613 534 672 πόλει
549 618 575 674 ἐν
588 613 684 682 ὅπλοις.
726 615 759 693 (α)
772 613 809 674 Oi
821 637 849 673 τε
866 613 930 682 ξένοι
971 622 1005 671 sei
1016 622 1146 685 templum,
1165 622 1230 686 quod
1241 628 1278 673 est
1294 625 1318 673 in
1330 626 1403 686 urbe,
1424 627 1469 676 suh
1485 630 1558 678 armis
1576 634 1753 692 pernoctarunt.

149 707 194 759 τοῦ
212 701 376 761 Alarodioi
396 705 420 760 οί
439 704 465 759 ἐν
483 700 570 780 Ἄργει
588 702 657 760 κατδι
676 701 719 761 τὸν
740 701 817 760 αθτὸν
837 701 929 782 χρόνον
971 708 1004 770 (3)
1017 713 1095 772 Atque
1107 709 1180 759 etiam
1198 711 1329 761 Alcibiadis
1345 712 1465 776 hospites,
1478 714 1519 777 qui
1534 717 1603 778 Argis
1619 723 1700 780 crant,
1712 732 1755 782 por

149 787 357 861 ύπιιιπτεύθησαν
371 793 408 868 τῷ
421 787 496 869 δήμῳ
508 788 676 861 ἐπιτίθεσθαι,
688 787 804 856 καὶτοὺς
818 788 931 870 ὁμήρους
969 796 1034 845 idem
1052 800 1146 860 tempus
1158 799 1182 847 in
1195 799 1355 862 suspicionem
1372 807 1500 863 venerunt,
1513 804 1577 865 quod
1593 806 1682 868 populo
1698 806 1754 855 insi·

149 880 201 934 τῶν
211 876 331 956 Ἀργείων
343 876 401 943 τοὺς
416 879 442 934 έν
456 877 512 943 ταῖς
521 876 609 948 νήσοις
622 875 755 954 κειμένους
769 880 793 935 οἱ
802 876 930 947 Ἀθηναῖοι
971 883 1102 943 diarentur,
1112 887 1137 933 et
1155 885 1295 946 Argivorum
1311 886 1420 947 obsides,
1433 889 1474 951 qui
1486 890 1592 939 codocati
1602 897 1668 941 erant
1684 892 1709 941 in
1720 893 1754 942 in·

149 962 208 1021 τότε
222 962 369 1044 παρέδοσαν
383 968 422 1045 τῷ
436 963 556 1044 Ἀργείων
572 963 648 1041 δήμῳ
663 963 803 1022 didrachmi
819 963 929 1043 διαχρή-
971 970 1043 1030 sulis‚
1053 972 1211 1022 Athenienses
1225 975 1376 1035 tnncArgiro
1385 975 1474 1037 populo
1485 977 1523 1025 his
1532 977 1562 1026 de
1575 979 1655 1028 causis
1669 980 1756 1029 interti-

151 1055 254 1108 σασθαι.
298 1053 328 1128 (ι)
344 1050 514 1129 Πανταχόθεν
526 1074 554 1109 τε
568 1050 732 1131 περιεστήκει
743 1051 929 1131 ὑπογίαέςτθν
970 1057 1067 1106 ciendos
1082 1058 1239 1109 tradiderunt.
1273 1061 1307 1122 (l)
1325 1061 1432 1124 Denique
1447 1064 1596 1125 suspiciones
1609 1065 1755 1116 Alcibiadem

150 1135 326 1208 Ἀλκιόιάδην.
339 1137 422 1197 Ὥστε
434 1138 674 1217 βουλόμενοιαύτδν
686 1141 711 1206 ἐς
722 1138 806 1220 κρίσιν
818 1140 929 1216 άγαγόν-
972 1145 1076 1207 undique
1085 1147 1278 1197 circumstabant.
1312 1149 1474 1206 Quamobrem
1483 1151 1548 1212 quod
1558 1165 1613 1200 cnm
1624 1152 1755 1203 adductum

150 1247 191 1290 τες
204 1227 369 1297 ἀποκτεῖναι,
382 1225 530 1302 πέμπουσιν
546 1224 613 1284 οὕτω
626 1224 674 1296 τὴν
689 1225 855 1303 Σαλαμινίαν
867 1232 929 1285 ναῦν
970 1226 1123 1287 adjudicium
1134 1233 1210 1278 Πίθίίθ
1220 1229 1335 1279 mulctare
1342 1231 1442 1290 velient,
1454 1232 1488 1280 dih
1497 1231 1595 1282 dentum
1606 1236 1705 1284 initiunt
1713 1240 1752 1287 Sd·

151 1314 176 1378 ἐς
187 1310 234 1383 t’dl
249 1312 372 1372 Σικελίαν
386 1312 431 1371 ἐπ(
444 1336 473 1371 τε
488 1316 584 1372 ζχῑῐνον
599 1314 644 1372 χαί
656 1304 761 1394 ὧνπὲρῑ
774 1314 861 1372 ἄλλων
873 1317 930 1392 ἔμε.
970 1309 1090 1358 taminiam
1108 1323 1194 1359 navem
1212 1312 1237 1361 in
1253 1313 1355 1362 siciliam
1373 1317 1398 1364 et
1418 1314 1481 1363 illius
1502 1329 1575 1365 cansa
1596 1321 1621 1366 et
1638 1318 1756 1380 aliorum,

151 1401 260 1476 μήνυτο.
304 1402 335 1478 (τ)
357 1399 456 1482 Είρητο
477 1400 503 1459 δέ
523 1402 656 1482 προειπεῖν
676 1403 745 1458 αὐτῶ
764 1404 929 1480 dociam.
970 1388 1001 1438 do
1013 1391 1101 1452 quibus
1113 1391 1370 1443 iudiciadelataerant.
1403 1394 1436 1455 (5)
1449 1394 1677 1447 blandatumautem
1688 1405 1754 1461 erat,

152 1484 223 1567 μένῳ
237 1488 399 1559 ἀκολουθεῖν,
419 1486 610 1565 &Mygdum
632 1485 659 1545 δγ
676 1459 737 1565 μμ·
748 1488 930 1568 θεραπεύοντες
971 1470 1027 1519 utei
1039 1472 1206 1533 praeciperent,
1219 1478 1246 1521 ut
1258 1487 1284 1522 so
1295 1479 1439 1535 purgaturus
1449 1481 1598 1539 sequeretur,
1615 1482 1753 1528 nontamen

150 1572 218 1631 τότε
230 1573 293 1655 πρὸς
304 1572 363 1640 τοὺς
374 1578 401 1633 ἐν
412 1580 445 1645 ἢ
458 1574 568 1653 Σικελίᾳ
581 1574 743 1654 στρατιώτας
753 1598 781 1633 τε
793 1574 929 1657 σφετέρους
970 1566 1050 1646 ipsum
1067 1554 1306 1647 coruprehendereut,
1319 1561 1445 1618 carentes,
1455 1570 1523 1606 neca
1534 1572 1573 1609 res
1588 1558 1652 1621 apud
1668 1560 1755 1610 milites

151 1659 197 1718 καὶ
211 1661 349 1738 πολεμίους
362 1660 399 1738 μὴ
413 1641 542 1741 θρρυὸεῖν,
555 1660 600 1719 καὶ
612 1663 661 1740 οὐχ
674 1659 770 1732 ἥκιστα
784 1660 842 1728 τοὺς
855 1665 930 1720 Mav-
973 1646 1030 1683 suos
1040 1649 1065 1684 m
1076 1637 1155 1685 sicilia
1166 1641 1208 1686 aut
1218 1637 1282 1701 apud
1293 1639 1374 1688 liostes
1384 1639 1467 1688 turbas
1478 1640 1558 1700 daret,
1567 1641 1687 1704 precipue
1698 1654 1756 1692 vero

151 1746 236 1814 πνρας
246 1748 292 1805 καὶ
302 1748 428 1827 Ἀργείους
443 1746 594 1827 βουλόμενοι
607 1748 779 1828 παραμεῖναι,
789 1748 821 1806 δι,
832 1746 929 1806 ἐκείνου
971 1719 1094 1780 cupientes
1105 1721 1238 1770 blanlineos
1249 1724 1275 1770 et
1287 1723 1387 1782 Argivos
1399 1735 1549 1785 permanere,
1559 1724 1624 1787 quod
1634 1725 1753 1774 existima·

203 1833 211 1856 ,
389 1838 404 1851 „
503 1843 520 1857 „
685 1835 692 1853 ,
970 1803 1036 1860 rent,
1049 1813 1090 1848 eos
1102 1801 1165 1849 illius
1174 1815 1245 1864 opera
1257 1802 1369 1852 inductos
1378 1816 1432 1853 esse
1442 1804 1472 1852 ad
1482 1805 1543 1853 hanc
1552 1806 1643 1855 militim
1652 1807 1753 1856 socicta-

151 1839 295 1942 ”⁰⁹‘<J⁹“⁶‘
312 1838 536 1939 ”ammfimffi
552 1834 742 1944 ξυσῖρπευεῑνζ
790 1836 822 1911 (ὁ)
843 1834 930 1894 ΚΜ
971 1885 1029 1929 ίεω.
1064 1881 1096 1942 (o)
1109 1886 1187 1944 Atque
1197 1882 1236 1931 illc
1245 1883 1341 1946 quidem
1351 1883 1442 1932 habens
1454 1898 1521 1934 suam
1534 1888 1753 1949 narem,itemque

152 1919 200 1997 l¹‘lv
219 1944 287 1998 ‘W‘
304 1918 351 1992 τὴν
373 1924 466 1979 ἑαυτου
488 1944 551 1979 ”W
572 1945 617 1980 καί
637 1926 662 1981 Οἱ
683 1921 929 1998 ἱυνοιαὸὥλημένοῑ
971 1961 1001 2025 ii,
1012 1964 1056 2026 qui
1066 1978 1112 2012 una
1121 1964 1250 2014 insimulati
1261 1970 1380 2024 erant,eu
1391 1966 1470 2016 sicilia
1479 1981 1534 2016 cum
1544 1969 1600 2016 nari
1611 1969 1754 2028 Salaminia,

152 2006 282 2066 ἀπέπλω*
297 2006 363 2083 μετὰ
376 2011 423 2078 Τθς
436 2007 601 2085 Xi‘dfltiwst‘G
617 2010 646 2066 ἐκ
659 2012 706 2079 τῆς
720 2007 841 2111 Σαξλίαί
856 2012 890 2075 ὡς
905 2011 930 2074 ἐς
972 2049 1084 2106 tanquam
1094 2047 1199 2095 Athenas
1207 2046 1447 2107 ituri‚dicesscrunt;
1457 2052 1481 2096 et
1491 2062 1564 2110 qurum
1574 2049 1677 2097 Thurios
1685 2048 1754 2097 aduc·

150 2092 197 2160 τὰς
215 2093 331 2164 Ἀθήνας’
350 2093 395 2152 καί
414 2093 504 2165 ἐπειδὴ
523 2093 639 2172 ἐ(ἔδοντο
652 2097 677 2153 ἐν
692 2099 826 2176 Θουθῑθῑέί
844 2094 930 2153 οὐκέτι
971 2127 1075 2186 uissent,
1093 2139 1139 2174 non
1152 2126 1253 2188 auiplius
1266 2131 1322 2175 suut
1337 2128 1426 2185 secuti,
1440 2127 1481 2177 sed
1493 2141 1523 2176 ex
1537 2128 1593 2176 navi
1605 2128 1693 2189 egressi
1706 2141 1754 2176 non

151 2181 299 2247 ξυνείποντο
319 2183 378 2239 ἀλλ’
397 2181 551 2248 caelebre<
569 2182 622 2240 ἀπὸ
638 2186 685 2252 τῆς
698 2181 760 2248 νεὼς
776 2185 805 2240 θῦ
825 2181 930 2262 φανῑρῡί
971 2206 1153 2268 comparebant,
1163 2210 1297 2256 metuentes
1310 2207 1335 2255 in
1347 2207 1508 2256 criminatione
1523 2207 1568 2255 sibi
1578 2208 1640 2256 lacta
1654 2208 1683 2256 ad
1693 2208 1755 2268 judi·

151 2261 229 2340 deas,
243 2268 417 2335 betsameth
431 2268 475 2327 ἐπὶ
489 2268 598 2347 διαθαλῇ
614 2271 639 2335 ἔτ
652 2268 724 2341 δίκην
739 2271 929 2328 καταπλεῦσαι.
971 2286 1060 2335 aicium
1072 2285 1196 2348 proficisci.
1228 2289 1261 2348 (7)
1271 2287 1318 2345 oui
1330 2299 1386 2336 vero
1395 2288 1449 2336 navi
1460 2287 1752 2349 salaminiaveuebantur,

153 2358 185 2432 (τ)
200 2358 236 2416 Oi
250 2356 272 2413 δ’
286 2359 316 2415 ἐκ
326 2360 372 2426 τῆς
387 2355 549 2434 Σαλαμινίας
562 2355 626 2422 τέως
638 2353 685 2434 μέν
700 2354 804 2427 ἐζήτουν
818 2354 862 2413 τδν
877 2355 931 2414 ’Al-
972 2366 1117 2428 aliquamdiu
1129 2366 1226 2428 quidem
1239 2367 1377 2430 quaerebant
1387 2367 1533 2417 Alcibiadem
1546 2367 1646 2430 ejusque
1658 2368 1752 2427 socios,

151 2442 274 2515 κιθιάδην
288 2444 333 2502 καί
344 2442 402 2510 τοὺς
420 2444 477 2521 μετ’
491 2446 583 2514 αὐτοῦ,
601 2447 635 2510 ῶς
649 2443 671 2502 δ’
690 2446 805 2519 οὐδαμοῦ
825 2443 931 2524 ρανεροὶ
973 2445 1016 2494 scd
1023 2460 1098 2508 quum
1106 2459 1226 2508 nusquam
1234 2452 1413 2510 comparerent,
1423 2448 1581 2510 navigationis
1592 2461 1689 2497 cursum
1701 2463 1756 2498 oon·

152 2521 231 2601 ἦσαν,
246 2528 346 2610 ᾤχοντο
360 2528 543 2596 ἀποπλέοντες,
559 2529 593 2589 Ὁ
606 2529 633 2587 δὲ
647 2529 874 2601 Ἀλχῑςιάδηςῆδη
887 2553 933 2612 φη.
973 2527 1041 2575 licere
1053 2531 1215 2588 perrexerunt.
1247 2527 1382 2577 Alcibiades
1394 2539 1465 2587 vero,
1482 2541 1557 2589 quum
1567 2529 1617 2589 jam
1635 2529 1704 2578 exsul
1719 2541 1755 2578 es·

151 2615 199 2694 γδς
211 2615 248 2673 ῶν
263 2619 292 2675 ού
306 2616 371 2675 πολὺ
387 2615 492 2678 ύστεοον
505 2616 549 2675 eal
562 2617 653 2675 πλοίου
669 2616 816 2697 ἐπεραιώθη
832 2620 857 2683 ές
874 2621 931 2678 Πε-
974 2611 1022 2665 ⁸0²·
1035 2619 1082 2654 ⁰⁰¹¹
1094 2606 1170 2655 ¹¹¹¹1li⁰
1180 2610 1234 2668 P⁰⁸¹
1246 2619 1275 2655 ei
1287 2620 1342 2668 ³810
1350 2608 1440 2656 Τθθῐίθ
1451 2606 1475 2655 Ῑῐ]
1487 2607 1677 2669 pel⁰l>0¹¹¹¹tllnm
1688 2609 1752 2657 nali·

152 2704 311 2776 dmrdwucov
323 2707 352 2763 έκ
365 2708 411 2774 τῆς
422 2703 549 2782 Θουρίας·
563 2708 586 2762 οἱ
602 2705 623 2763 δ’
634 2705 763 2775 Ἀθηναῖοι
775 2705 860 2785 ἐρήμη
871 2704 930 2776 pt„
973 2686 1012 2746 uio
1023 2694 1105 2736 rectus
1124 2688 1269 2747 transmisit;
1280 2688 1436 2737 Athenienses
1451 2700 1508 2737 roro
1519 2688 1586 2738 illum
1605 2693 1630 2738 et
1645 2702 1701 2750 cos,
1713 2691 1754 2751 qni

848 2770 853 2785 ⁶
919 2771 923 2785 '
974 2783 1029 2818 cum
1041 2770 1081 2818 illo
1092 2775 1171 2829 erant,
1183 2770 1278 2818 deserto
1287 2769 1391 2831 iudicio,
1403 2770 1480 2833 capite
1488 2770 1685 2820 condemnarunt.

152 2790 263 2852 θάνατον
276 2791 443 2870 κατέγνωσαν
457 2794 537 2849 αὐτοῦ
551 2815 579 2848 τε
593 2792 701 2850 καὶτῶν
716 2795 773 2868 μετ’
785 2792 891 2851 ἐκείνου.

191 2882 280 2942 Lxll.
294 2879 369 2940 Μετδι
379 2879 406 2938 δὲ
415 2885 498 2938 ταῦτα
507 2883 531 2939 ot
542 2879 628 2938 λοιποὶ
637 2884 688 2938 τῶν
701 2880 841 2952 Ἀθηναίων
851 2903 932 2959 στρα-
1007 2894 1077 2941 Lllll.
1093 2895 1179 2941 Postea
1189 2905 1246 2940 vero
1257 2891 1330 2941 ceteri
1339 2891 1520 2941 Atheniensium
1529 2892 1616 2953 duces,
1628 2893 1670 2955 qui
1685 2898 1755 2944 orant

151 2967 226 3045 τηγοὶ
240 2969 268 3025 έν
281 2972 314 3047 τῇ
331 2966 452 3047 Σικελίτρ,
467 2966 512 3024 δύο
530 2965 597 3045 μέρη
612 2966 767 3037 ποιήσαντες
784 2972 829 3024 τοῦ
849 2989 931 3046 στρα-
974 2977 997 3026 in
1008 2978 1094 3038 Sioda,
1103 2992 1177 3040 quum
1186 2979 1314 3027 exercitum
1325 2978 1348 3026 in
1356 2978 1415 3027 duas
1421 2982 1500 3040 partes
1507 2978 1653 3042 divisissent,
1663 2984 1688 3030 et
1695 2987 1755 3031 uter·

152 3055 281 3132 τεύματος
294 3054 339 3111 καὶ
357 3052 449 3132 λαχὼν
470 3052 604 3134 ἑκάτερος,
619 3053 709 3111 ἔπλεον
729 3051 771 3121 ξὺν
790 3052 868 3110 παντί
890 3052 932 3110 ἐπί
974 3077 1101 3126 quosnam
1114 3070 1205 3127 partem
1221 3065 1306 3114 sortito
1320 3066 1465 3128 accepisset,
1483 3079 1539 3114 cum
1550 3065 1662 3115 omnibus
1679 3068 1755 3130 copiis

153 3145 320 3208 Σελινοῦντος
330 3142 376 3199 καὶ
390 3140 531 3220 Ἐγέστης,
552 3140 704 3219 βουλόμενοι
722 3137 769 3217 μὲν
788 3138 881 3198 εἰδέναι
899 3139 932 3198 τά
974 3152 1120 3201 Selinuntem
1130 3156 1154 3201 et
1165 3156 1275 3212 Egestam
1288 3165 1371 3201 versus
1381 3152 1534 3213 navigarunt,
1544 3153 1630 3215 partim
1642 3153 1753 3216 quidem,

152 3228 279 3309 χρήματα
303 3231 326 3285 εἰ
347 3227 472 3286 δώσουσιν
493 3232 517 3286 οἱ
536 3228 698 3305 Ἐγεσταῖοι,
718 3229 933 3307 κατασκέψασθαι
974 3238 1038 3302 quod
1050 3239 1110 3288 scire
1126 3239 1225 3297 vellent,
1243 3251 1301 3287 nram
1317 3239 1419 3299 Egestaei
1438 3239 1551 3301 pecuniis
1568 3239 1647 3288 daturi
1660 3246 1754 3304 essent,

153 3315 180 3374 δέ
194 3316 239 3375 καί
253 3319 305 3375 τῶν
315 3314 502 3375 Σελινουντίων
514 3313 548 3372 τδι
562 3313 707 3394 πράγματα
720 3314 764 3371 καί
775 3311 808 3371 τά
821 3313 932 3394 διάρορα
975 3325 1060 3387 partim
1072 3336 1128 3374 vcro
1137 3325 1221 3383 etiam,
1231 3330 1259 3373 ut
1270 3325 1455 3374 Selinuntiorum
1465 3339 1503 3374 res
1513 3326 1662 3387 explorarent
1668 3332 1692 3377 et
1701 3341 1754 3377 con·

154 3405 244 3478 μαθεῖν
257 3402 290 3461 τὰ
304 3403 368 3483 πρὸς
382 3400 559 3480 Ἐγεσταίους.
603 3403 634 3477 (υ)
655 3399 856 3481 Παραπλέοντες
869 3402 893 3460 δ’
905 3404 931 3459 έν
975 3412 1103 3462 tmrersias
1114 3417 1295 3472 cognoscerent,
1309 3424 1364 3473 qum
1383 3412 1411 3460 iis
1427 3425 1482 3461 cum
1498 3413 1614 3473 Egestmis
1626 3414 1753 3464 intercede·

154 3493 278 3572 ἀριστερᾷ
292 3490 340 3562 τήν
359 3489 496 3561 Σικελίαν,
508 3489 538 3548 τὸ
553 3488 630 3570 μέρος
643 3488 674 3547 τὸ
688 3488 751 3568 πρδς
764 3488 807 3546 τδν
823 3493 931 3571 Τυρση-
974 3499 1039 3549 bont
1071 3500 1105 3563 (l)
1114 3498 1667 3561 Siciliaeautemoramasinistrategentosabea
1676 3507 1753 3565 parte,

153 3578 223 3637 νικδν
234 3577 340 3649 κόλπον,
352 3577 430 3656 ἔσχον
443 3580 467 3643 ἐς
479 3576 593 3657 Ἱμέραν,
604 3575 673 3656 ήπερ
689 3574 755 3654 μόνη
765 3577 792 3634 έν
803 3576 886 3657 τούτῳ
894 3582 932 3657 τῷ
974 3601 1028 3650 quaa
1037 3586 1068 3635 ad
1075 3587 1153 3636 sinum
1161 3586 1309 3648 Tyrrhenum
1317 3587 1402 3648 vergit,
1411 3587 1532 3636 Himeram
1539 3588 1689 3650 appulerunt,
1699 3600 1755 3651 qum

154 3664 227 3747 μέρει
240 3670 286 3736 τῆς
298 3664 420 3731 Σικελίας
431 3663 528 3731 Ἑλλὰς
536 3662 611 3730 πολις
622 3662 701 3720 ἐστίν·
716 3662 762 3721 καὶ
772 3667 807 3730 ῶς
816 3666 863 3721 οὐκ
875 3663 931 3722 ἐδέ-
975 3673 1025 3723 sola
1036 3674 1060 3722 iu
1070 3673 1114 3721 bac
1124 3672 1212 3722 sicilia>
1224 3677 1291 3736 parte
1302 3677 1340 3723 est
1351 3675 1434 3723 Graeca
1445 3674 1543 3733 οίνίίαες
1558 3687 1613 3737 qum
1624 3687 1700 3736 quum
1712 3687 1754 3725 eos

153 3775 230 3832 χοντα
245 3749 351 3823 αύτούς,
362 3750 577 3830 παρεκομίζοντο.
602 3752 633 3826 (υ)
642 3738 701 3809 'Kal
711 3753 738 3808 έν
753 3754 790 3829 τῷ
799 3749 932 3831 παράπλῳ
974 3774 1021 3809 που
1030 3759 1152 3822 reciperet,
1162 3759 1402 3823 praetervehebantnr.
1434 3760 1467 3822 (3)
1476 3765 1504 3810 Et
1513 3761 1754 3825 prate-vehendam·

154 3843 269 3921 αἱροῦσιν
280 3837 404 3917 Ὕκκαρα
418 3837 536 3914 πολισμα
548 3837 688 3897 Σικανικδν
704 3836 761 3913 μέν,
774 3837 933 3916 Ἐγεσταίοις
974 3852 1059 3910 perum
1070 3850 1187 3909 Hyccara,
1198 3848 1312 3911 oppidum
1321 3847 1455 3897 Sicanicum
1463 3847 1575 3910 quidem,
1587 3847 1630 3896 sed
1640 3848 1754 3909 besteis

155 3924 181 3985 δέ
195 3924 327 4002 πολέμιον·
341 3917 371 3996 ήν
390 3924 417 3982 δὲ
432 3922 682 4004 παραθαλασσίδιον.
703 3923 931 4004 Καίάνδραποδί-
974 3935 1133 3996 hostile3erat
1148 3939 1229 3984 autem
1245 3935 1400 3984 maritimum.
1433 3938 1514 3993 Quum
1530 3940 1612 3984 autem
1628 3935 1755 3986 incolasln

154 4036 245 4080 σαντες
259 4012 306 4083 τήν
321 4011 396 4069 πόλιν
408 4010 557 4091 παρέδοσαν
570 4009 733 4088 Ἐγεσταίοις
748 4009 933 4091 (παρεγένοντο
974 4021 1115 4071 servitutem
1132 4021 1317 4080 abstraxissent,
1336 4021 1450 4084 oppidum
1470 4022 1585 4083 Egestaeis
1606 4021 1755 4072 tradiderunt

154 4099 205 4179 γδιρ
219 4102 303 4157 αὐτῶν
318 4099 431 4176 ἱππῆς),
444 4097 518 4156 αὐτοὶ
532 4096 560 4156 δὲ
574 4097 654 4155 πάλιν
667 4100 705 4177 τῷ
717 4095 765 4174 μέν
779 4101 850 4178 πεζῷ
863 4097 932 4177 ἰχῶ-
974 4109 1089 4171 (ipsorum
1099 4109 1162 4158 onim
1169 4109 1290 4171 equitatus
1297 4108 1426 4168 adsuerat),
1437 4109 1481 4170 ipsi
1494 4122 1551 4157 vcro
1560 4122 1643 4158 rursus
1652 4122 1708 4158 cum
1717 4123 1755 4172 pe·

155 4209 213 4266 ρουν
224 4182 267 4242 διδ
280 4189 331 4243 τῶν
345 4187 461 4244 Σικελῶν
474 4184 522 4251 έως
536 4185 658 4266 ιἰρίκοντο
672 4187 698 4251 ές
714 4184 852 4257 Κατάνην,
865 4189 892 4243 αί
905 4185 932 4245 δέ
973 4192 1050 4242 ditatu
1059 4192 1155 4255 quidem
1163 4207 1205 4256 per
1211 4193 1345 4243 siculomm
1354 4207 1437 4255 agrum
1447 4195 1618 4256 iterfecerunt,
1629 4195 1705 4245 donoc
1712 4199 1754 4247 ca·

120 4270 121 4273 ’
154 4275 211 4341 νῆες
222 4270 411 4351 περιέπλευσαν
423 4269 457 4329 τδι
471 4271 622 4351 ἀνδράποδα
634 4271 754 4349 ἄγουσαι.
796 4272 933 4349 (ί)Νικίας
975 4284 1054 4330 tanam
1070 4284 1242 4342 pervenerunt3
1258 4293 1332 4329 naves
1346 4294 1415 4343 rem,
1431 4295 1485 4344 qum
1500 4281 1608 4342 captivos
1625 4282 1753 4344 vehebant,

155 4357 181 4416 δέ
196 4357 267 4424 εὐθὺς
281 4357 306 4426 ἐξ
319 4357 457 4440 Ὑκκάρων
471 4358 516 4417 tari
530 4358 658 4435 Ἐγέστης
668 4358 871 4438 παραπλεύσας,
887 4358 933 4417 καί
973 4367 1143 4415 circumvectae
1154 4371 1217 4414 suut.
1251 4366 1285 4427 (l)
1295 4366 1464 4416 Niciasautcm
1475 4381 1504 4417 ex
1516 4368 1629 4430 llyccaris
1641 4372 1753 4430 Egestam

153 4437 237 4504 edida
245 4446 410 4526 χρηματίσας
420 4447 465 4506 καί
473 4445 562 4504 λαθὼν
571 4446 689 4504 τάλαντα
696 4445 837 4526 τριάκοντα
847 4450 932 4525 παρῆν
973 4452 1098 4503 confestim
1113 4456 1299 4515 praetervectus,
1310 4466 1386 4515 quum
1400 4453 1431 4503 de
1448 4455 1534 4503 ceteris
1545 4455 1617 4504 rebus
1630 4456 1718 4517 egisset
1728 4460 1753 4506 et

154 4533 222 4600 έςτδ
235 4533 395 4614 στράτευμα·
410 4535 456 4592 καί
471 4533 638 4612 τάνδράποδα
657 4534 797 4606 ἀπέδοσαν,
812 4533 858 4592 καί
873 4532 932 4610 ἐγέ-
974 4539 1070 4601 triginta
1087 4541 1173 4589 talenta
1189 4541 1333 4603 arceplsset,
1345 4539 1376 4588 ad
1391 4541 1521 4590 exercitum
1533 4540 1628 4602 aderat3
1640 4547 1665 4591 et
1679 4542 1754 4604 rapti·

154 4620 265 4688 νοντοέξ
285 4624 369 4679 αὐτῶν
388 4620 470 4680 είκσσι
491 4622 536 4680 καί
552 4621 644 4680 ἑκατὸν
661 4621 788 4681 τάλαντα.
832 4622 863 4698 (ε)
878 4620 934 4680 ital
974 4643 1019 4679 vos
1037 4628 1195 4680 vendiderunt
1211 4635 1237 4680 et
1253 4643 1283 4681 ex
1301 4630 1449 4680 iisooniecta
1462 4631 1754 4694 suntoentnmetriglnti

155 4708 179 4772 ές
192 4705 250 4772 τοδς
262 4711 313 4764 τῶν
332 4710 449 4767 Σικελῶν
467 4706 620 4788 ξυμμάχους
633 4708 834 4787 περιέπλευσαν,
853 4730 934 4788 στρα-
975 4717 1071 4767 talenta.
1105 4718 1137 4780 (5)
1149 4717 1215 4766 lltinc
1230 4721 1311 4767 autem
1322 4717 1474 4767 circumvecti
1487 4717 1518 4766 ad
1527 4718 1603 4768 socios
1618 4718 1753 4768 Siculorum

155 4791 211 4850 τιδν
222 4793 370 4861 κελεύοντες
380 4793 502 4871 πέμπειν·
514 4801 547 4875 τῇ
559 4819 587 4854 τε
598 4795 708 4877 ήμισείαγ
720 4799 765 4865 τῆς
776 4796 875 4854 ἑαυτῶν
891 4786 934 4865 ήλ-
974 4805 1078 4867 trorum,
1086 4804 1238 4868 imperantes,
1246 4804 1411 4854 ntexercitum
1419 4804 1552 4865 mitterent,
1560 4810 1645 4855 etcum
1654 4804 1754 4855 dimidia

154 4886 197 4938 θον
209 4881 253 4939 ἐπὶ
267 4880 372 4940 Ὕόλαν
385 4881 433 4953 τὴν
448 4885 571 4942 Γελεᾶτιν
581 4884 710 4962 πολεμίαν
724 4874 813 4955 οὖσαν,
827 4882 873 4941 καί
884 4885 934 4963 οὐχ
975 4893 1012 4942 sni
1021 4893 1139 4942 exercitus
1151 4896 1217 4954 parte
1227 4891 1343 4941 adversus
1353 4890 1455 4951 Hyblam
1464 4891 1582 4951 detin,
1594 4903 1650 4953 quaa
1659 4891 1754 4941 hostilis

155 4960 230 5026 εἷλον.
243 4968 299 5026 Καὶ
312 4968 342 5026 rh
355 4969 427 5050 θέρος
438 4968 568 5028 ἐτελεύτα.
975 4983 1039 5038 erat,
1050 4978 1147 5041 proiecti
1158 4984 1281 5040 sunt,noc
1289 4981 1462 5038 expugnarunt.
1495 4980 1525 5026 nt
1535 4981 1607 5026 aestas
1616 4975 1752 5027 finiebatur.

193 5043 296 5116 thl'il.
318 5059 372 5117 Τοῦ
390 5058 412 5115 δ’
430 5056 625 5137 ἐπιγιγνομένου
649 5059 778 5136 χειμῶνος
796 5053 869 5123 stobe
886 5055 934 5129 τήν
1006 5070 1089 5119 cxlii.
1107 5069 1250 5127 insequente
1259 5065 1337 5116 lrieme
1347 5063 1427 5112 statim
1437 5061 1754 5126 Atheniensessesaprepa-
