3676 5828
165 333 202 382 ιι
793 319 1160 397 κατώτατω-ιι.

224 447 247 512 §.
258 449 334 505 Πολὺς
343 448 413 506 πόνος
423 449 462 497 καὶ
472 449 484 475 *
496 450 575 498 τουταῖ
587 449 631 505 ξεῖν
642 449 683 497 καί
691 447 793 511 γράφειν,

254 519 700 582 καίτῆιέκᾶοτιιὴμέιαιπειιδνθιι),

255 588 339 653 καίπερ
348 594 475 649 νοσοῦντα,
486 590 640 646 δυςπνοοῦντα
649 589 690 646 τὴν
702 587 781 648 νόσον,

254 661 344 721 φύλλων
353 661 483 717 ἀναγνῶναι
493 659 609 720 τοιάςδεῆ·
618 655 668 708 ώ...

137 741 151 781 ιι
255 731 337 788 διπλῆν
345 731 482 793 διεκτρέχειν
492 745 520 792 με
529 729 699 788 πεντηκοντέρα
704 762 712 786 ,

254 800 305 848 όθεν
315 801 327 826 *
340 805 459 862 σκατῶραι
468 800 509 857 τήν
519 799 672 862 βιόλογράφου
681 797 767 861 κόπρον

256 871 336 919 ἐατέον
345 876 384 918 νῦν
393 871 496 934 ἐκφορεῖν
505 886 530 918 τε
539 871 579 917 καὶ
594 870 658 925 ξέειν.

164 1030 203 1042 .-
216 978 306 1046 Ἦσαν
320 985 371 1065 γάρ
385 988 408 1045 οί
426 989 604 1067 Σπαρτιᾶται]
622 985 652 1044 τδ
670 988 694 1045 οἰ
709 987 819 1043 ἐνταῦθα
832 982 890 1042 ἀντί
901 987 946 1041 τοῦ

164 1073 235 1136 ένιοι.
251 1067 319 1146 ἤσαν
333 1074 384 1153 γάρ
395 1097 462 1140 τινες
472 1077 558 1132 αὐτῶν
572 1072 743 1154 Σπαρτιᾶταί
754 1095 782 1130 τε
794 1071 840 1130 καί
849 1075 948 1152 πρῶτοι

126 1177 151 1218 10
163 1161 208 1223 καί
225 1164 277 1230 τοῖς
290 1162 403 1242 πρώτοις
414 1160 550 1240 ξυγγενεῖς.
564 1165 598 1228 ὡς
607 1161 636 1219 τὸ
648 1161 715 1228 εἷκδς
724 1151 778 1231 οὐν,
788 1163 811 1219 οί
822 1159 948 1239 ξυγγενεῖς

164 1253 250 1309 αὐτῶν
264 1248 379 1320 σπουδὴν
397 1252 541 1308 έποιοῦντο.
556 1284 597 1293 -
609 1270 631 1308 τ.
648 1248 794 1328 Πράσσειν]
806 1245 854 1318 τήν
867 1248 948 1327 Υεἰρή-

163 1362 210 1409 νην
225 1338 353 1410 δηλονότι.
368 1371 409 1381 -
420 1335 517 1403 Ούπως
530 1337 632 1408 ἤθελον]
646 1335 704 1395 οὐδὲ
717 1335 783 1404 δ’λως
794 1336 895 1407 ἤθελον.
908 1371 948 1380 -

164 1417 205 1487 Εὐ
217 1425 363 1506 φερόμενοι]
374 1424 453 1503 ἤγουν
465 1427 638 1503 εὐτυχοῦντες.
648 1459 689 1469 -
701 1424 806 1504 Ἐπῖτῇ
819 1424 874 1503 ίση]
885 1421 948 1489 ώςτε

164 1513 194 1572 τὸ
207 1517 335 1594 προςῆκον
348 1514 434 1579 αὐτοῖς
449 1511 525 1590 μόνον
540 1514 619 1592 έχειν,
631 1510 700 1571 ἀλλά
712 1511 829 1584 δηλονότι
841 1513 886 1571 καὶ
900 1535 946 1570 πε-

128 1622 151 1660 ιι
169 1601 321 1681 ριττότερον.
344 1635 385 1645 -
407 1599 614 1678 Ἐνδεξομένους]
636 1599 695 1672 ἤτοι
724 1599 947 1678 προςδεξομένους·

164 1688 249 1748 λείπει
260 1688 307 1760 τήν
323 1687 438 1769 εἰρήνην.

205 1778 280 1838 xvl.
304 1776 338 1836 Ὁ
353 1775 412 1854 μέν]
427 1779 441 1834 6
456 1775 595 1855 Βρασίδας.
609 1775 696 1837 -Ὁ
711 1775 751 1855 δέ]
765 1780 778 1835 6
793 1774 895 1837 Κλέων,
907 1812 947 1822 -

166 1864 298 1942 Πλεῖστα]
309 1864 367 1935 ἤτοι
377 1868 403 1922 έν
416 1863 547 1929 πλείστοις
556 1863 706 1945 πράγμασι.
719 1900 759 1909 -
770 1864 894 1943 Ἀπαθῆς]
908 1867 947 1922 εὐ·

165 1951 255 2031 τυχής.
267 1954 369 2011 -Τοῦ
379 1951 527 2030 ἀκινδύνου]
539 1956 584 2023 τῆς
595 1951 746 2033 ἀσφαλείας.
757 1987 797 1997 -
808 1952 863 2012 Καὶ
875 1951 947 2020 ὅστις

125 2047 153 2090 ²⁰
166 2039 293 2119 έλάχιστα
306 2039 374 2118 τύχῃ
390 2037 467 2097 αὐτόν
482 2037 658 2118 παραδίδωσι]
673 2045 706 2119 τῇ
721 2040 808 2121 ἀλόγῳ
821 2050 888 2121 φορᾷ
902 2045 948 2112 τῆς

165 2125 254 2207 τύχης.
269 2162 310 2172 -
328 2130 354 2186 Τ
355 2125 386 2196 ἤν
399 2125 502 2208 εἰρήνην
522 2126 658 2206 παρέχειν]
682 2127 748 2209 ᾤετο
760 2128 888 2200 δηλονότι.
907 2165 947 2173 -

166 2214 345 2281 Πλειστοάναξ
364 2212 404 2292 δέ]
425 2213 605 2282 Πλειστοάναξ
623 2219 636 2273 6
656 2216 809 2275 Παυσανίου
825 2216 947 2295 βασιλεὺς

167 2301 392 2379 Λακεδαιμονίων,
411 2300 438 2367 δς
457 2299 559 2382 φεύγων
574 2301 682 2360 κάθοδον
702 2301 798 2383 εὐρετο·
814 2302 905 2383 ἔφευγε
920 2302 947 2362 δέ

166 2389 209 2448 διά
220 2390 250 2448 τὸ
261 2388 325 2447 ποτὲ
337 2388 461 2470 πρότερον
470 2389 541 2457 δόξαι
553 2391 623 2469 δῶρα
633 2390 695 2469 παρ’
707 2389 846 2461 Ἀθηναίων
857 2388 946 2449 λαόών

126 2487 153 2526 25
167 2482 339 2558 ἀναχωρῆσαι
349 2479 378 2534 ἐκ
388 2482 434 2547 τῆς
444 2478 570 2548 Ἀττικῆς.
580 2512 621 2521 -
631 2475 856 2561 Διαόαλλόμενος]
866 2479 946 2556 ἤγουν

166 2564 340 2645 θόριξόμενος.
357 2600 398 2609 -
412 2565 543 2643 Καθόδου]
560 2563 616 2623 ἀντὶ
628 2571 673 2624 τοῦ
686 2565 878 2645 ἀναχωρήσεως
894 2567 947 2626 ἀπθ

166 2657 213 2722 τῆς
222 2652 340 2719 Ἀττικῆς
350 2651 392 2722 δή.
401 2686 440 2696 -
451 2650 681 2730 Προόαλλόμενος]
689 2652 768 2729 ἤγουν
783 2654 946 2735 κατηγορού-

167 2762 251 2816 μενος.
267 2776 307 2787 --
320 2739 572 2819 Παρανομηθεῖσαν]
587 2739 665 2817 ἤγουν
680 2739 839 2819 παρανόμοις
862 2743 946 2801 δοθεῖ-

167 2848 216 2884 σαν
229 2829 310 2907 αὐτῷ.
323 2862 363 2871 -
373 2847 397 2886 α.
410 2825 468 2898 Τῆν
482 2826 533 2907 γὰρ
542 2825 700 2908 πρόμαντιν]
713 2827 793 2906 ἤγουν
802 2826 850 2899 τήν
862 2852 945 2910 προα-

128 2940 155 2980 ιιι
167 2916 325 2994 χορεύουσαν
339 2919 369 2976 έκ
385 2913 516 2993 μαντείας.
528 2950 569 2959 -
583 2914 647 2976 Ἐπί
658 2913 739 2994 πολύ]
754 2915 889 2983 πολλάκις.
906 2953 947 2963 -

168 3003 229 3070 Διὸς
246 3008 301 3063 υἱοῦ
315 3002 423 3082 ἤμιθέου
435 3003 466 3062 τδ
480 3002 599 3083 σπέρμα]
616 3001 726 3079 ἤμιθέου
739 3004 786 3081 μὲν
802 3004 893 3065 τοῦἩ
912 3029 946 3063 α-

167 3091 256 3158 κλέους
271 3091 355 3170 λέγει’,
374 3092 481 3169 σπέρμα
500 3089 527 3149 δὲ
545 3090 588 3148 τὸν
605 3090 741 3168 ἀπόγονον·
760 3083 833 3159 οὗτος
847 3028 914 3164 δ’ἤίι
932 3097 946 3151 6

167 3179 356 3247 Πλειστοάναξ.
367 3179 503 3260 ἀναφέρειν
515 3177 541 3237 δέ
551 3178 581 3237 τό
591 3179 723 3256 κατάγειν.
734 3179 848 3238 εὐλάκαν
858 3179 885 3239 δέ
898 3179 945 3253 τῆν

166 3264 221 3325 ύνιν
240 3265 443 3343 Λακεδαιμόνιοι
460 3264 589 3343 λέγωσιν·
608 3266 670 3325 ένιοι
687 3268 729 3339 δέ,
748 3265 796 3338 τήν
814 3267 945 3340 δίκελλαν,

127 3369 153 3412 ³⁶
168 3352 220 3412 ἀπδ
233 3359 278 3413 τοῦ
290 3352 433 3431 λακαίνειν,
450 3352 467 3412 ὅ
486 3355 542 3412 έστι
563 3354 698 3413 σκάπτειν.
712 3353 826 3422 εὐλάξειν
845 3353 873 3413 δὲ
886 3355 946 3435 ἀρό·

167 3465 232 3518 σειν,
253 3447 355 3501 τοιοῦτο
376 3441 404 3501 δέ
423 3465 449 3499 τι
468 3442 552 3519 λέγει,
574 3441 689 3523 ἀργυρέῳ
708 3441 807 3522 εὐλάκρ
821 3441 945 3516 εὐλάξειν,

166 3528 283 3589 τουτέστι
295 3528 372 3606 λιμδν
389 3528 507 3601 ἔσεσθαι,
528 3528 573 3587 καί
587 3531 684 3589 πολλοῦ
700 3528 799 3611 σφόδρα
814 3527 857 3587 τδν
875 3538 945 3589 σῖτον

166 3614 326 3687 ὠνήσεσθαι,
336 3614 420 3695 ώςπερ
433 3618 553 3696 ἀργυροῖς
564 3614 706 3696 ἐργαλείοις
714 3615 872 3695 χρωμένους.
883 3615 945 3674 ἔνιοι

168 3702 196 3760 δέ
217 3705 246 3760 οὐ
266 3701 444 3772 λυσιτελήσειν
466 3701 545 3782 φασὶν
565 3703 652 3767 αὐτοῖς
671 3700 719 3772 τήν
742 3707 791 3778 γῆν
811 3704 944 3784 γεωργεῖν,

129 3805 156 3846 ιο
168 3788 253 3870 ώςπερ
266 3792 288 3848 εἰ
303 3791 423 3869 ἀργυροῖς
437 3789 578 3868 ἐργαλείοις
590 3791 714 3868 ἐχρῶντο.
729 3825 767 3834 -
780 3789 830 3850 Ἐκ
844 3795 890 3861 τῆς
902 3793 945 3848 ἀλ·

166 3877 282 3959 λοτρίας]
291 3877 370 3954 ἤγουν
379 3875 738 3958 θπερορίας.-Ἀναφέρειν]
751 3880 944 3937 ἀνακαλεῖσθαι.

59 4018 62 4024 .
165 3998 207 4009 -
218 3962 379 4044 Ἀργυρέαιε]

230 4101 295 4158 Ὀζει
305 4100 390 4166 κόπρος
402 4100 512 4151 κάκιστον
524 4104 539 4160 ἡ
552 4102 713 4166 βιόλογράφου.
776 4062 780 4070 Ι
801 4142 806 4154 ,

132 4276 138 4282 ,
167 4250 208 4261 -
218 4236 239 4276 ³.
252 4214 344 4296 Χρόνῳ
357 4215 427 4293 δέ...]
440 4219 457 4285 ἡ
471 4213 588 4283 σύνταξις
601 4213 690 4281 οὕτως·
701 4214 788 4297 χρόνῳ
798 4215 825 4276 δὲ
839 4219 944 4301 προτρέ-

130 4304 216 4382 εοψαι
237 4301 296 4368 τούς
320 4303 543 4378 Λακεδαιμονίους
566 4304 581 4333 ⁴
605 4302 682 4360 αὐτὸν
708 4313 867 4382 καταγαγεῖν
891 4315 945 4374 τοῖς

168 4389 265 4467 ὁμοίοις
274 4394 359 4470 χοροῖς
373 4389 418 4449 καί
429 4389 536 4456 θυσίαις·
548 4388 582 4447 τδι
594 4389 620 4448 δὲ
632 4387 711 4447 λοιπά
724 4389 819 4466 μεταξύ
831 4390 943 4451 λεκτέον·

169 4477 224 4538 ίστι
245 4477 294 4556 γάρ
308 4475 433 4556 περιόολῆ
448 4477 531 4548 διττή.
550 4513 589 4522 -
607 4476 683 4536 Μετδι
702 4477 790 4557 δώρων
805 4479 842 4556 δ.]
857 4482 881 4537 οἰ
896 4479 943 4557 μὲν

168 4565 216 4637 τὴν
234 4565 338 4635 δόκησιν
354 4565 411 4623 ἀντὶ
425 4572 471 4624 τοῦ
490 4563 619 4634 δοκήσεώς
631 4587 694 4645 φασι
712 4566 826 4637 κεῖσθαι,
840 4566 882 4624 διά
895 4568 943 4639 τήν

169 4655 199 4712 έκ
213 4658 258 4722 τῆς
272 4653 388 4724 Ἀττικῆς
402 4651 465 4711 ποτέ
481 4651 547 4730 μετά
559 4652 648 4732 δώρων
663 4651 792 4722 δοκήσεως
804 4653 944 4734 ἀναχώρη-

130 4763 157 4802 εο
170 4762 217 4799 σιν·
233 4742 256 4798 οί
271 4736 310 4809 δέ,
331 4739 490 4817 τηρήσαντες
507 4738 554 4809 τήν
575 4739 689 4810 δόκησιν,
708 4737 755 4810 τήν
776 4741 942 4820 ἀναχώρησιν

170 4828 269 4904 μᾶλλον
286 4826 339 4884 ἀντ’
354 4825 543 4907 ἀναχωρήσεως
564 4825 690 4893 ἐδέξαντο·
708 4826 783 4883 ἀλλοι
802 4827 828 4885 δὲ
845 4827 892 4897 τήν
905 4828 943 4887 δό-

169 4937 245 4985 κησιν
260 4912 303 4971 έπῖ
316 4917 362 4984 τῆς
378 4913 481 4993 λήψεως
497 4917 549 4972 τῶν
564 4911 652 4993 δώρων
666 4912 772 4990 έλαόον,
785 4912 819 4972 ἵν’
837 4905 870 4993 ἤ,
886 4915 943 4987 ἤτοι

170 4999 213 5060 διδ
227 5000 274 5072 τήν
287 5002 317 5059 έκ
332 5006 378 5073 τῆς
391 5002 509 5073 Ἀττικῆς
521 4999 583 5060 ποτέ
600 4998 667 5076 μετά
681 5001 771 5080 δώρων
785 5003 863 5083 λῆψιν
878 5005 944 5061 ἀνα-

169 5089 295 5174 χώρησιν·
310 5090 355 5149 καλ
367 5088 468 5148 δεκτίον
480 5095 563 5150 τοῦτο.
577 5092 594 5166 §
605 5089 657 5149 Διά
667 5089 715 5162 τήν
728 5087 895 5171 ἀναχώρησιν
913 5095 943 5151 έκ

990 451 1036 519 τῆς
1048 447 1166 521 Ἀττικῆς
1179 448 1247 527 μιτδ
1259 450 1365 524 δόκησιν
1376 450 1476 531 δώρων,
1485 451 1603 512 ἀντίτῶ
1618 455 1691 532 μετά
1702 459 1782 539 δωρο-

991 533 1106 608 δόκησιν,
1116 536 1185 594 τοῦτ’
1194 536 1251 595 ἔστι
1261 535 1329 615 μετθι
1339 538 1369 597 τδ
1377 538 1467 598 λαθεῖν
1475 540 1549 621 δῶρα
1563 540 1613 599 ὐπ’
1626 541 1781 615 Ἀθηναίων.

990 656 1030 666 -
1042 621 1113 700 Ἧμ.
1126 627 1173 694 τῆς
1186 624 1297 691 οἰκίας..
1311 627 1443 706 οἰκοῦντα]
1460 627 1678 700 όΙΙλειστοάναξ
1690 633 1782 713 διαφυ-

990 708 1044 789 γὼν
1057 709 1159 792 ᾤκησεν
1173 713 1200 770 έν
1213 712 1332 794 Λυκαίῳ,
1347 718 1392 772 τοῦ
1406 712 1434 772 δὲ
1447 712 1545 786 τόπου,
1561 717 1626 776 καθ’
1640 718 1672 777 δν
1684 722 1780 800 ᾠκοδό-

991 821 1060 874 μησε
1073 797 1122 869 τήν
1136 797 1230 870 οἰκίαν,
1249 800 1280 858 τθ
1300 799 1348 878 μὲν
1362 799 1444 877 ἤμισυ
1462 793 1493 873 ἤν
1505 802 1588 882 ίερδν,
1604 803 1638 863 τδ
1653 806 1682 865 δί
1699 806 1801 884 ἥμισυς

992 882 1113 962 βέόηλον.
1132 920 1173 929 -
1189 883 1253 945 Ἔτι
1272 887 1326 953 ένδς
1344 885 1438 967 δέοντι]
1456 894 1534 949 τοῦτο
1555 894 1720 954 συντακτέον
1744 900 1779 979 τῷ

990 970 1077 1053 χρόνῳ
1092 971 1119 1030 δέ
1132 973 1279 1055 προτρέψαι
1294 975 1372 1053 ἤγουν
1385 974 1453 1053 μετά
1463 976 1507 1035 τδν
1522 979 1623 1057 χρόνον
1640 985 1688 1053 τῆς
1698 986 1779 1066 προρ-

993 1056 1091 1139 ρήσεως
1108 1063 1156 1130 τῆς
1171 1059 1296 1136 μαντείας
1306 1062 1451 1143 προτρέψαι
1464 1063 1524 1132 τούς
1541 1069 1777 1146 Λακεδαψονίως·

990 1144 1025 1202 ἵν’
1043 1136 1075 1225 ῇ,
1088 1146 1175 1228 χρόνῳ
1192 1144 1220 1206 δέ
1238 1149 1384 1232 προτρέψαι
1396 1150 1455 1220 τούς
1474 1154 1709 1232 Λακεδαιμονίους
1725 1159 1778 1228 ένδς

991 1233 1074 1292 δέοντι
1088 1237 1207 1316 εἰκοστῷ.
1789 1269 1809 1307 ιε

1032 1324 1121 1382 xvll.
1142 1325 1184 1401 Τῇ
1203 1322 1327 1404 διαόολῇ]
1347 1324 1469 1407 τῇύόρει
1485 1331 1519 1399 τῆ
1536 1331 1590 1388 τῶν
1613 1332 1727 1414 ἐχθρῶν
1739 1369 1777 1382 ...

992 1406 1178 1481 Ἀνεπίληπτος
1189 1400 1267 1490 εἶναι]
1282 1411 1318 1488 μὴ
1328 1410 1360 1471 δν
1372 1411 1448 1478 αὐτὸς
1458 1414 1473 1443 ⁴‘
1483 1394 1610 1496 πάρίξειν
1619 1422 1776 1503 κατηγορίας

992 1501 1122 1583 ἀφορμὴν,
1145 1504 1317 1583 προύθυμήθη
1334 1503 1381 1575 τῆν
1407 1504 1546 1584 ξύμόασιν.
1567 1544 1612 1557 -
1631 1531 1654 1572 α.
1678 1509 1776 1598 ᾞεσαν

991 1591 1017 1655 ές
1030 1588 1131 1668 λόγους]
1145 1590 1268 1663 ἀλλήλοις
1282 1591 1410 1664 δηλονότι.
1424 1629 1465 1639 -
1476 1596 1647 1676 Παρασκευή
1659 1624 1688 1660 τε
1700 1625 1776 1684 προι-

991 1677 1192 1756 πανεσείσθη]ἤ
1208 1678 1338 1757 πολεμική
1352 1681 1507 1762 παρασκευή
1526 1689 1725 1764 προηπειλήθη.
1740 1726 1775 1737 -
1788 1722 1808 1761 νς

992 1762 1041 1832 Ὧς
1052 1766 1243 1846 έπιτειχισμόν]
1259 1769 1294 1834 ώς
1308 1768 1455 1845 μελλόντων
1478 1769 1591 1851 φρούρια
1610 1776 1776 1857 ἐπιτειχίσαι

991 1854 1069 1931 έντῇ
1093 1853 1196 1933 Ἀττικῇ
1221 1857 1273 1912 τῶν
1296 1856 1520 1934 Λακεδαιμονίων.
1543 1861 1560 1937 §
1581 1857 1627 1920 ίνα
1648 1865 1776 1944 τειχίζοντι

990 1938 1024 1996 τὰ
1038 1943 1137 1999 έαυτιῦν
1147 1940 1243 2020 χοιρία.
1258 1977 1298 1987 -
1311 1943 1361 2003 Ἐκ
1372 1947 1423 2002 τῶν
1435 1944 1563 2026 συνόδων]
1577 1950 1674 2023 έπειδῆ
1689 1975 1776 2034 συνερ-

991 2025 1098 2106 χόμενοι
1110 2031 1134 2087 οί
1146 2029 1275 2101 Ἀθηναῖοι
1290 2030 1334 2089 καί
1349 2033 1372 2089 οί
1384 2033 1606 2110 Λακεδαιμόνιοι,
1622 2038 1670 2097 καὶ
1684 2041 1775 2113 ἐπιζη-

991 2120 1094 2182 τοῦντες
1106 2115 1176 2175 κατά
1186 2115 1216 2175 τδ
1232 2116 1332 2175 δίκαιον
1345 2122 1409 2198 παρ’
1421 2119 1544 2191 ἀλλήλων
1554 2121 1648 2200 τινδις,
1662 2128 1773 2200 συνίόη-
1784 2156 1807 2198 ,ν

991 2225 1050 2263 σαν.
1060 2239 1100 2247 -
1111 2203 1278 2284 Δικαιώσεις]
1289 2205 1424 2284 αἰτήματα
1437 2207 1535 2268 δίκαια.
1548 2243 1589 2254 -
1599 2213 1776 2294 Προινιῃόν.

990 2290 1055 2369 των]
1079 2290 1274 2371 προόαλόντων.
1302 2325 1342 2336 -
1366 2292 1610 2354 Ἀνταπαιτούντων
1637 2298 1702 2381 γάρ]
1726 2307 1775 2362 νῦν

991 2375 1140 2448 Ἀθηναίων.
1155 2377 1276 2438 -Ἀλλ’
1295 2377 1433 2458 ὁμολογίᾳ]
1450 2381 1563 2463 ἑκουσίῳ
1576 2385 1722 2465 θελήματι.
1739 2425 1776 2438 -

990 2462 1082 2544 Ἔχειν
1100 2464 1130 2523 τδ
1148 2464 1258 2546 χωρίον]
1273 2465 1322 2537 τήν
1342 2466 1490 2527 Πλάταιαν.
1504 2504 1546 2515 -
1564 2470 1627 2544 Τὴν
1651 2476 1774 2558 Νίσαιαν]

991 2551 1044 2611 ἀπὸ
1054 2558 1139 2611 κοινοῦ
1152 2551 1182 2611 τδ
1195 2551 1275 2631 ἔχειν.
1290 2551 1449 2620 -Τοότοις
1462 2553 1490 2613 δὲ
1505 2557 1601 2638 οὐκ...]
1784 2591 1805 2631 ⁵

1083 2691 1241 2754 Ὑποστροφῆν
1251 2692 1353 2754 γίνωσκε
1364 2694 1391 2742 τό
1404 2700 1486 2757 σχῆμα
1494 2694 1557 2745 τόδε·

1081 2761 1109 2809 τδ
1120 2762 1139 2810 δ’
1152 2760 1182 2810 αὐ
1194 2763 1312 2811 σκοτεινόν
1322 2765 1361 2811 καὶ
1370 2765 1488 2826 περίξυλον
1499 2765 1572 2828 λόγου

1083 2832 1160 2888 ἀλλοις
1171 2833 1250 2895 παρείς
1260 2834 1366 2896 ῥήτορσιν
1377 2836 1448 2883 αἰνεῖν
1460 2836 1587 2898 ἀσκόπως,

1082 2902 1116 2958 τίς
1126 2903 1278 2965 [παριόντων
1290 2903 1386 2966 ἀκριθῆς
1399 2907 1486 2966 κανὼν,
1499 2906 1568 2969 μάθε·

1074 2974 1156 3034 ,σαφὴς
1168 2974 1216 3035 μετ’
1229 2973 1314 3034 όγκου,
1324 2976 1364 3021 καὶ
1374 2976 1460 3038 ταχὺς,
1470 2978 1563 3032 πειθοῦς
1575 2979 1668 3041 γέμων.
1782 2997 1804 3038 η

1081 3047 1164 3092 τοῦτον
1174 3045 1248 3106 χρεὼν
1259 3044 1279 3091 δ’
1292 3043 1320 3104 ἤν
1331 3050 1371 3103 τῆς
1382 3045 1447 3108 δρυδς
1456 3048 1496 3095 καὶ
1506 3053 1550 3096 τοῦ
1559 3049 1631 3104 ξύλου

1081 3113 1131 3160 υίδν
1142 3113 1276 3171 καλεῖσθαι,
1285 3114 1325 3162 τόν
1334 3115 1500 3177 ξυλουργοῖιντα
1511 3117 1603 3178 λόγοις,

1082 3182 1109 3230 οὐ
1120 3183 1160 3230 τδν
1172 3184 1278 3246 μελιχρόν
1290 3183 1413 3246 Ἡρόδοτον
1425 3184 1449 3232 έν
1459 3189 1507 3241 τοῖς
1517 3186 1607 3249 λόγοις.

1029 3301 1132 3360 XVlll.
1153 3319 1174 3358 α.
1189 3301 1317 3381 Θεωρεῒν]
1333 3301 1442 3382 θεωροὺς
1452 3301 1579 3380 πέμπειν.
1595 3340 1640 3352 --
1657 3309 1771 3370 Αὐτονό-

990 3411 1053 3467 μους
1065 3379 1142 3464 εἰναι]
1157 3388 1236 3465 ἤγουν
1250 3397 1303 3456 τοῖς
1321 3389 1379 3448 καθ’
1394 3388 1485 3457 αὐτούς
1502 3390 1592 3467 νόμοις
1610 3399 1770 3475 χρωμένοις,
1781 3426 1803 3466 5

989 3509 1029 3520 -
1039 3476 1205 3554 Αὐτοτελεῖς]
1221 3476 1366 3542 αὐτοτελεῖς
1378 3474 1470 3543 αὐτοὺς
1485 3476 1531 3535 καί
1543 3476 1581 3555 μῆ
1602 3481 1698 3550 ἄλλοις
1711 3507 1771 3542 συν-

988 3565 1134 3628 τελοῦντας.
1146 3597 1186 3607 -
1197 3561 1365 3640 Αὐτοδίκους]
1380 3562 1509 3623 αὐτόδικοι
1521 3563 1661 3646 ἀνθρωττοι
1675 3575 1701 3630 οἱ
1711 3570 1769 3649 παρ’

989 3653 1075 3717 αὐτοῖς
1089 3649 1162 3717 δίκας
1172 3650 1282 3717 διδόντες
1293 3650 1338 3708 καί
1349 3650 1541 3730 λαμόάνοντες,
1554 3654 1601 3712 καλ
1614 3655 1656 3733 μὴ
1670 3659 1715 3716 ὑπ’
1726 3660 1772 3719 άλ·

988 3740 1040 3796 λων
1055 3736 1213 3818 κρινόμενοι,
1227 3739 1254 3795 έν
1271 3738 1359 3805 αὐτοῖς
1374 3736 1421 3809 τήν
1436 3739 1561 3820 διαφοράν
1576 3741 1639 3822 δίκη
1655 3743 1769 3818 λύοντες,

989 3826 1033 3885 καλ
1047 3824 1085 3904 μὴ
1097 3826 1250 3904 μετάγοντες
1260 3823 1342 3896 αὐτήν
1354 3829 1388 3892 εἰς
1400 3825 1549 3910 ὑπερορίους
1559 3830 1725 3910 ἀνθρώπως,
1734 3869 1769 3880 -
1779 3874 1801 3911 ω

988 3933 1011 3974 ³.
1027 3913 1191 3980 Ἀόλαόεῖς...
1205 3912 1274 3971 όπλα
1289 3911 1360 3990 δὲ...]

1080 4050 1183 4105 Σπονδάς
1193 4049 1234 4112 μέν
1246 4049 1382 4112 ἐξώρκωσαν
1394 4048 1501 4105 ἀόλαθτῑς
1513 4050 1599 4113 μένειν,

1079 4120 1224 4182 όπλαίφέρειν
1235 4121 1259 4167 δέ
1271 4121 1381 4180 μηδαμῶς
1395 4119 1472 4179 έστω,
1484 4120 1559 4181 λέγειν

1080 4190 1175 4246 Τζέτζης
1185 4190 1352 4243 σολοικίζουσιν
1362 4188 1462 4237 ἐντάττει
1474 4189 1559 4250 λόγοις·

1079 4261 1123 4308 οὐκ
1135 4259 1268 4320 ἀττικισμδς
1277 4259 1354 4306 τουτοί
1366 4258 1393 4284 “
1405 4258 1487 4319 λέγειν.
1779 4267 1800 4310 ω

1079 4329 1141 4376 οὕτω
1152 4327 1244 4390 γράφων
1254 4327 1278 4375 δέ
1288 4332 1337 4382 σοῖς
1346 4326 1503 4389 περιστρόφοις
1514 4325 1592 4387 λόγοις

1078 4399 1191 4459 πέφευγας
1201 4398 1257 4446 όσον
1266 4396 1349 4458 κρίνειν
1361 4412 1388 4444 σε
1397 4401 1509 4458 τεχνικῶς
1520 4397 1590 4444 θέλει.

1079 4469 1151 4524 πηλὸς
1163 4469 1288 4530 λιθουργῶν
1297 4466 1452 4528 συγκολύπτει
1464 4465 1571 4527 φαυλίαν,

1078 4544 1164 4601 γραφῆς
1174 4537 1256 4592 σκότος
1268 4537 1292 4584 δλ
1301 4537 1355 4591 τοὺς
1366 4536 1487 4592 σολοίκους
1496 4540 1542 4585 τῶν
1554 4536 1643 4598 λόγων.

986 4691 1026 4703 —-
1037 4676 1058 4716 ε.
1073 4656 1143 4737 Πρδς
1155 4656 1295 4733 ἀλλήλους]
1308 4655 1387 4733 ἤγουν
1398 4654 1617 4732 Λακεδαιμονίους
1626 4658 1676 4718 καί
1690 4659 1765 4732 Ἀθη·
1776 4684 1799 4725 ιο

987 4744 1082 4811 ναίους.
1096 4780 1137 4791 -
1157 4745 1260 4823 Δίκαις]
1275 4743 1355 4823 ἤγουν
1371 4743 1454 4826 κρίσει
1469 4743 1566 4824 δικαίῳ.
1582 4778 1624 4790 -
1641 4766 1666 4808 ο.
1680 4744 1767 4815 Ὅσας
1796 4764 1799 4772 ’

987 4833 1014 4892 δέ
1028 4833 1126 4913 πόλεις]

1079 4965 1112 5014 Τδ
1124 4964 1166 5012 σδν
1176 4962 1293 5011 σκοτεινὸν
1304 4962 1344 5010 καὶ
1355 4961 1382 5010 τὸ
1393 4965 1435 5009 τοῦ
1447 4959 1602 5024 βιὸλογράφου

1079 5034 1193 5096 Χάρυόδιν
1205 5034 1218 5058 *
1227 5033 1279 5080 οίαν
1290 5031 1438 5094 ίξεγείρονσιν
1449 5030 1534 5092 λόγοις.

1078 5108 1158 5156 λοιπόν
1168 5107 1198 5155 τὰ
1208 5105 1283 5155 πολλὰ
1293 5110 1342 5154 σῶν
1350 5103 1489 5167 περιτρέχων
1499 5102 1585 5164 λόγων,
