3676 5828
644 354 836 418 Bistoniis
855 351 925 412 Ltu.
946 350 990 426 11,
1015 357 1050 409 ru
1064 382 1104 394 —
1120 357 1167 409 20.
1672 354 1709 408 65

110 508 149 554 rm
163 497 196 574 ἦ
210 488 406 571 Πιλωωννόσῳ
417 485 510 548 ἐκατδν
523 487 588 546 νεῶν
606 483 732 543 ἐπίπλουν
745 478 882 563 ἐξαραίον-
925 485 1025 535 narium
1043 483 1159 542 classem,
1178 493 1233 544 quae
1249 479 1441 544 Peloponnesum
1453 478 1585 530 invaderet.
1620 480 1655 543 (5)
1669 483 1709 533 At·

116 607 156 647 σς.
195 584 226 660 (ε)
239 580 295 642 Καὶ
308 582 332 639 ol
347 576 396 657 μὲν
410 573 533 636 ἐν’τοότω
546 576 712 655 παρασκευῆς
725 563 803 643 ἦσαν.
926 587 974 637 que
985 573 1009 621 hi
1021 570 1118 634 quidem
1130 570 1155 619 in
1167 569 1213 618 hcc
1222 573 1338 631 apparatu
1348 569 1542 632 erautoeeupali.

149 672 243 732 xvltt.
262 668 299 729 ‘0
314 663 343 726 δέ
357 664 469 746 στρατός
487 635 539 722 τοῖν
554 657 773 730 Πελοποννησίων
786 652 885 737 προϊὼν
957 662 1045 710 xvtfl.
1062 658 1189 708 Exercitus
1199 669 1256 707 vero
1263 656 1488 719 Peloponnesiorum
1496 655 1628 719 procedens
1636 657 1714 719 tetigit

125 757 212 840 ίρίαιτσ
226 760 272 827 τῆς
285 755 441 825 Ἀττικῆςές
455 750 552 822 Οἰνόην
570 752 682 830 πρῶτον,
693 739 762 825 ᾗπερ
775 743 885 822 ἔμελλον
927 748 1029 800 Atticam
1037 747 1140 810 primum
1150 745 1179 795 sd
1188 748 1349 808 OEnoen,qua
1358 748 1426 794 erant
1436 744 1558 808 irrupturi.
1585 747 1713 794 Etutcon·

128 844 234 905 ίοόελεῖν.
253 842 308 903 Aet
324 846 360 908 ὡς
378 838 543 909 ἐκαθίζοντο,
557 832 703 917 προσόολδις
722 827 885 912 παρεσκευοί-
928 835 1048 895 sidebant,
1057 833 1089 884 ad
1097 831 1452 896 oppugnandosseseparabsnt
1461 845 1543 881 muros
1552 831 1679 892 maelriuis,
1691 835 1716 880 et

131 936 185 1000 (ατο
198 936 233 991 τῖε
252 929 335 1010 τείχει
354 926 524 1004 ποιησόμενοι
545 923 677 1004 μηγαναῖς
694 944 723 980 τε
745 918 791 978 καλ
814 917 888 997 ἄλλῳ
928 923 975 972 alio
986 922 1066 972 mode.
1103 922 1137 984 (t)
1148 923 1209 971 Nam
1221 922 1427 981 OEuoe,qnaeest
1438 919 1464 969 in
1478 919 1566 969 Atticae
1577 923 1601 968 ei
1615 920 1715 970 Bmotire

132 990 225 1101 w..
244 1021 276 1095 γ’)
291 1023 310 1090 ἡ
323 1016 376 1097 γὰρ
390 1014 471 1086 Οἰνόη
485 1005 551 1073 οὖσα
570 991 603 1072 ρ,
617 1008 744 1091 μεθορίοις
763 1012 810 1080 τῆς
826 1006 888 1065 Ἀτ-
930 1010 1116 1071 linibus,muris
1125 1014 1179 1059 arat
1187 1007 1278 1064 cineta,
1288 1011 1313 1056 et
1322 1007 1478 1058 Athenienses
1485 1007 1717 1070 hoepropuguaculo

134 1082 239 1178 ταῖςίιιεθ
254 1104 381 1171 Βοιωτίας
394 1101 565 1182 ἐτετείγιστο,
579 1099 624 1159 καὶ
644 1100 717 1175 αὐτῷ
731 1092 845 1179 ρρουρίῳ
864 1095 889 1152 oi
930 1099 1066 1158 utebantur,
1078 1097 1172 1160 quoties
1182 1095 1272 1146 bellum
1287 1094 1420 1144 iucirhsset.
1465 1093 1543 1155 Huius
1555 1094 1627 1156 igitur
1641 1097 1666 1143 et
1675 1107 1718 1157 op·

135 1194 236 1266 Ἀθηναῖοι
249 1197 363 1276 ἐγρῶντο
378 1191 456 1250 όπότε
469 1170 583 1268 πόλεμος
597 1185 753 1246 ααταλοίόοι.
794 1182 851 1249 Tele
861 1204 890 1240 τε
934 1186 1104 1249 pugnationem
1120 1182 1236 1247 parabant
1246 1186 1271 1232 el
1282 1181 1370 1245 alioqui
1383 1182 1473 1230 circum
1485 1181 1562 1245 ipsam
1576 1186 1671 1245 tempus
1680 1181 1719 1230 tri·

136 1273 324 1364 υλπροαὸολδς
347 1278 531 1360 ηὐτρεπίζοντο
552 1274 598 1335 καί
622 1274 708 1340 ἄλλως
729 1269 889 1351 ἐνδιέτριψαν
934 1278 1029 1323 rerunt.
1062 1272 1095 1335 (3)
1105 1276 1136 1322 Et
1146 1271 1261 1321 invidiam
1278 1269 1344 1319 haud
1360 1270 1483 1319 minimam
1497 1268 1656 1318 Archidamus
1671 1268 1717 1318 sibi

136 1369 205 1448 γρόνσι
216 1369 273 1451 περί
285 1366 378 1439 αὐτόν.
420 1367 452 1443 (a)
470 1362 562 1426 Αίτίαν
575 1385 604 1422 τε
615 1364 662 1421 οὐκ
677 1358 819 1438 ἐλαγίστην
830 1358 891 1437 ’Λρ-
938 1360 1051 1410 continuit
1065 1374 1095 1409 ex
1110 1359 1155 1408 hae
1169 1372 1208 1420 re,
1220 1358 1285 1420 quod
1303 1356 1429 1407 videbatur
1442 1361 1467 1407 et
1481 1357 1505 1406 in
1521 1356 1641 1407 movendo
1657 1356 1720 1407 bello

136 1457 223 1537 χίδεμος
234 1455 328 1516 ίλαόεν
344 1453 390 1513 ἀπ’
404 1456 497 1524 αὐτοῦ,
509 1452 590 1511 δοκῶν
607 1449 653 1508 καὶ
667 1451 694 1506 ἐν
705 1427 744 1520 τῆ.
753 1446 891 1524 ξυναγωγῇ
934 1448 1012 1499 mollis
1021 1451 1108 1499 esseet
1116 1445 1296 1496 Atheniensium
1307 1444 1441 1506 studiosus,
1451 1445 1491 1508 qui
1501 1443 1532 1493 ad
1541 1443 1631 1493 bellum
1638 1444 1720 1494 alacri·

136 1545 285 1622 mirellpeu
304 1542 423 1621 μαλακδς
437 1532 503 1600 εἶναι
517 1538 563 1598 καί
577 1541 631 1604 τοῖς
643 1514 785 1608 Ἀθηναίοις
798 1530 893 1603 ἐπει-ή-
938 1542 975 1587 ter
993 1535 1123 1598 gerendum
1144 1548 1193 1584 non
1211 1533 1391 1594 adhortaretur3
1410 1546 1438 1583 ac
1456 1537 1584 1595 postquam
1602 1532 1679 1595 copim
1695 1532 1721 1583 in

136 1632 194 1704 θεας,
205 1634 232 1691 οὔ
245 1633 381 1712 παραινῶν
393 1626 532 1711 προθύμως
541 1628 674 1703 πολεμεῖν·
690 1621 779 1695 ἐπειδή
790 1645 819 1681 τε
836 1620 892 1690 Eur·
935 1638 1011 1675 unum
1022 1629 1111 1673 coactae
1120 1621 1367 1685 sunl‚eommoralio,
1378 1620 1462 1684 quaad
1472 1621 1592 1671 Isthmum
1601 1625 1653 1670 erat
1662 1632 1722 1670 usus

91 1756 94 1767 .
136 1718 216 1799 ,Μγςῃ
231 1715 413 1798 ὁπμςός,ἥ
432 1739 461 1775 τε
478 1716 505 1773 ἐν
522 1717 561 1796 τῷ
580 1713 680 1794 Ἰσθμῷ
694 1709 805 1788 ἐπιμονὴ
821 1732 895 1788 γενο-
939 1717 963 1763 el
972 1712 997 1761 in
1006 1712 1098 1774 reliquo
1107 1711 1191 1761 itinere
1203 1709 1311 1759 iaciendo
1322 1709 1421 1760 tarditas
1435 1709 1459 1758 in
1474 1709 1636 1772 smpiciouem
1647 1707 1722 1758 addu-

91 1784 95 1839 θ
136 1805 235 1883 μίγμα)
248 1805 317 1865 κατὰ
331 1804 379 1877 τὴν
391 1804 474 1875 ἄλλην
488 1801 624 1885 πορείανὴ
639 1797 895 1881 σχολαιότηςδιέόα·
936 1801 972 1850 xit
981 1800 1162 1861 eum‚maxime
1173 1812 1230 1848 sero
1239 1798 1269 1847 ad
1276 1801 1371 1848 (Enoeu
1381 1797 1510 1847 cunctatio.
1576 1792 1617 1854 (l)
1640 1796 1718 1845 Athe-

91 1880 95 1939 ἷ
135 1892 254 1965 lmpw'p,
270 1892 388 1971 μάλιστα
402 1890 430 1950 δὲ
448 1895 465 1962 ή
480 1894 507 1951 ἐν
525 1896 557 1962 τῆ
576 1888 657 1960 Οἰνόη
676 1887 817 1967 ἐπίσχεσις.
860 1884 894 1963 (r)
936 1889 1032 1938 nienses
1043 1888 1107 1937 enim
1121 1887 1167 1937 lroe
1176 1885 1290 1948 temporis
1299 1886 1376 1948 spatio
1386 1898 1425 1934 res
1436 1897 1493 1933 suas
1503 1884 1527 1933 in
1536 1883 1621 1933 urbem
1635 1882 1723 1945 impor-

92 1952 95 2023 ί
136 1980 211 2061 [ipio
222 1982 351 2053 Ἀθηναῖοι
364 1957 580 2057 ἐσεκομίζοντόέν
591 1981 629 2058 τῷ
640 1954 728 2059 χρόνῳ
739 1954 836 2057 τούτῳ,
850 1971 896 2032 καλ
938 1976 1034 2036 tabunt,
1045 1979 1070 2025 et
1077 1973 1257 2036 Peloponnesii,
1270 1973 1290 2021 si
1302 1972 1409 2021 celeriter
1420 1985 1448 2022 eo
1461 1971 1576 2031 ivissent,
1589 1982 1723 2020 resumes

92 2062 97 2123 ί
136 2068 219 2129 dhorn
237 2071 262 2128 oi
278 2067 488 2140 Πελοποννήσιοι
508 2065 658 2133 ἐπελθόντες
678 2063 710 2124 δν
732 2061 776 2122 δεδι
798 2060 896 2142 τάχους
937 2061 1017 2112 adhue
1030 2066 1098 2111 extra
1114 2061 1197 2111 urbem
1214 2057 1392 2122 deprehendere
1408 2058 1516 2121 potuisse
1531 2057 1684 2119 ridebantur,
1701 2057 1723 2106 si

136 2157 202 2216 τόντε
213 2157 251 2216 ίτι
266 2155 317 2226 ἔξω
331 2154 503 2228 καταλαόεῖν,
517 2157 541 2214 el
554 2153 592 2232 μὴ
606 2152 650 2213 διὰ
661 2152 710 2225 τὴν
721 2149 818 2211 ἐκείνου
833 2147 898 2228 pll-
938 2162 986 2199 non
998 2163 1040 2212 per
1051 2149 1114 2198 ihins
1125 2147 1301 2198 cunctationem
1311 2146 1426 2196 stetisset.
1460 2145 1494 2207 (5)
1506 2145 1558 2194 Tali
1571 2145 1644 2194 modo
1652 2144 1726 2207 igitur

136 2245 201 2315 hm·
240 2244 334 2324 (⁸)'E’'
344 2241 453 2314 τοιαύτη
469 2241 517 2322 μγ,
531 2245 595 2324 ὀργῆ
609 2239 798 2323 δστρατχςτὸ,
813 2235 898 2320 ’Aah
939 2237 1060 2287 exercitus
1071 2235 1215 2286 Archidamo
1227 2235 1252 2284 iu
1263 2234 1304 2283 illa
1316 2247 1382 2282 mora
1396 2232 1563 2282 succensebat
1596 2232 1726 2291 litavere,

137 2330 408 2413 ίερανέντῇκαθίδρα
421 2307 499 2410 είχιν.
540 2328 575 2391 ‘0
583 2309 617 2389 'tl
629 2326 849 2411 προσδεχόμενος,
863 2329 898 2392 ὡς
940 2337 1015 2388 quam
1027 2328 1140 2387 speraret,
1150 2327 1177 2373 nt
1185 2323 1269 2383 fertur,
1282 2321 1449 2381 Athenienses,
1462 2333 1519 2382 agro
1530 2319 1611 2370 adhue
1622 2319 1725 2381 intacto,

137 2418 233 2499 um,
252 2419 312 2486 ,ὣς
330 2417 480 2491 ’Apmlw‘
496 2421 544 2490 ,ἧς
556 2421 605 2498 γῆς
623 2417 662 2477 ιτ,
675 2414 799 2498 amputo„
820 2413 899 2483 οὔσης
940 2411 1032 2474 aliquid
1053 2411 1084 2462 de
1106 2410 1236 2474 pertinacia
1262 2409 1419 2469 remissum,
1439 2407 1540 2470 ejnsque
1564 2408 1727 2458 rmtationem

139 2507 237 2567 ίιθιίαεεν
252 2531 279 2567 τι
294 2507 340 2566 καί
361 2505 531 2578 κατακαίοιεν
551 2507 676 2588 περιιδεῖν
692 2503 773 2576 αὐτὴν
790 2505 901 2582 τμηθεῖ-
940 2498 1123 2562 willielmi&
1135 2510 1263 2562 P⁸⁸⁸¹¹f⁰⁸i
1272 2495 1395 2546 inhibebit
1404 2494 1503 2546 bellum·

140 2615 184 2668 ειν,
266 2618 303 2654 εν.
1458 2625 1464 2636 ’

168 2597 369 2755 λίῗζδπειδτ)
383 2679 472 2760 μίντοι
485 2680 680 2763 προσόαλόντες
697 2684 732 2762 τῇ
749 2677 832 2759 Οἰνόῃ
854 2676 900 2737 καί
973 2693 1038 2743 xlx.
1055 2693 1184 2755 Postquam
1202 2694 1282 2742 tamen
1304 2691 1400 2741 OEnoen
1417 2687 1509 2749 adorti,
1527 2687 1593 2738 omui
1609 2700 1729 2751 oppugna·

142 2775 211 2827 ἦνον
228 2769 299 2829 θθὲον
321 2768 493 2851 πορθοῦντος
515 2771 563 2830 οθκ
587 2769 710 2830 ίθθνοντο
728 2770 805 2839 ἑλεῖν,
828 2763 855 2824 οἵ
872 2787 901 2823 το
944 2780 1015 2830 lionis
1030 2793 1115 2842 genere
1134 2783 1237 2840 tentato,
1256 2791 1392 2843 expugnare
1409 2790 1458 2826 nou
1474 2781 1599 2840 poterant,
1619 2780 1645 2827 et
1659 2777 1730 2828 Athe·

143 2853 248 2927 Ἀθηναῖοι
266 2855 340 2918 οὐδὲν
354 2855 589 2939 ἐπεκηρυκεύοντο,
605 2856 673 2918 οθτω
688 2855 720 2929 δὴ
739 2853 902 2937 ὁρμήσαντες
944 2867 1144 2920 niensesnullum
1153 2865 1334 2916 caduceatorem
1344 2864 1483 2927 mittebnnl,
1494 2863 1634 2914 ilademnm
1642 2863 1730 2914 castris

145 2941 178 3001 δῖ’
188 2947 261 3017 θθῑῆς
279 2944 348 3023 μοτθ
364 2944 397 3005 τθ
416 2949 442 3005 ἓν
457 2944 581 3026 Πλοτοίο
599 2949 651 3003 τῶν
670 2941 826 3004 ἐσελθόντων
843 2943 901 3013 θη·
944 2954 1000 3005 inde
1011 2954 1082 3003 motis
1091 2953 1183 3003 circiter
1190 2953 1364 3015 octogesimum
1375 2953 1449 3002 lerms
1458 2952 1522 3002 diem
1534 2952 1601 3031 abiis
1613 2964 1668 3014 quae
1678 2951 1732 3002 Pla·

146 3025 337 3111 θοθσνγσνόμενο
346 3031 435 3114 ἡμίρᾳ
446 3035 608 3112 ὀγδοηκοστῇ
619 3029 750 3108 μάλιστα,
760 3035 805 3089 τοῦ
815 3026 903 3109 θέρους
942 3047 999 3093 taem
1009 3041 1128 3091 Thebanis
1139 3040 1253 3103 ingressis
1262 3039 1409 3100 acciderant,
1419 3040 1514 3101 vigente
1521 3038 1570 3102 iam
1579 3043 1680 3100 mutate,
1692 3037 1732 3088 llo

145 3116 226 3178 ”31⁹3
244 3119 316 3179 οἶτον
330 3120 504 3198 ἀκμάζοντος,
522 3118 646 3178 ίσθθσλον
665 3120 692 3185 ἔς
708 3115 756 3189 Pht
775 3113 902 3186 Ἀττικόν·
945 3129 1101 3192 motibusque
1120 3129 1259 3184 lmmeutis,
1279 3127 1303 3177 in
1321 3128 1425 3178 Atticam
1440 3127 1589 3190 irrupemnt;
1607 3127 1657 3175 dux
1674 3138 1732 3176 vero

146 3205 254 3281 ίῐῆῖοθθ
274 3207 431 3289 Ἀρχίθομος
453 3211 467 3266 θ
490 3206 665 3285 Ζευξιδάμου,
688 3202 903 3283 Λακεδαιμονίων
946 3221 997 3268 erat
1008 3217 1166 3268 Archidamus
1181 3215 1321 3266 zeuxidami
1337 3215 1414 3276 tilius,
1430 3214 1666 3264 Lacedmmoniomm
1679 3226 1731 3263 rex.

148 3292 255 3367 θοοέέθο
297 3298 331 3372 (²)
350 3296 406 3357 Kal
425 3294 591 3374 καθεζόμενοι
611 3294 718 3372 ίτεμνον
733 3298 837 3376 πρῶτον
858 3289 904 3371 μὲν
948 3305 982 3367 (2)
997 3305 1139 3367 castrisque
1161 3304 1246 3368 positis
1269 3303 1395 3352 vastabant
1412 3303 1516 3365 primum
1531 3301 1628 3364 quidem
1648 3314 1732 3363 agrum

146 3376 262 3441 ’Dma'ian
281 3382 328 3442 real
347 3382 378 3442 τό
397 3381 524 3464 Θριάσιον
544 3382 641 3456 πεδίον,
662 3381 708 3441 καί
728 3381 827 3462 τροπήν
847 3404 905 3439 τινα
948 3392 1095 3443 Είοιιαίοίυιιι
1107 3392 1277 3442 elThriasinm
1291 3394 1453 3454 rampnm,et
1466 3389 1595 3439 nonnullos
1606 3390 1733 3441 Athenien·

146 3469 184 3524 τοῖν
192 3469 327 3542 Ἀθηναίων
345 3468 448 3529 ἱππίων
461 3470 521 3553 περὶ
532 3470 592 3538 τοὺς
606 3469 722 3537 Ῥείτους
732 3468 907 3547 καλουμένους
949 3480 1011 3529 sium
1021 3480 1114 3544 equites
1123 3479 1154 3529 ad
1166 3480 1283 3541 rivulum,
1293 3480 1335 3542 qui
1343 3479 1413 3530 itheti
1423 3483 1546 3539 vocantur,
1556 3479 1580 3527 in
1592 3476 1673 3540 lugam
1681 3490 1735 3527 rer·

146 3554 289 3629 ίσσοίεαντο.
335 3553 453 3619 Ἔπειτα
472 3557 642 3640 προυχώρουν
664 3560 690 3617 ἐν
715 3557 786 3639 δεξιᾷ
805 3556 907 3637 ἔχοντες
950 3571 1041 3618 terunt.
1080 3568 1173 3618 Deinde
1193 3581 1250 3618 vero
1267 3567 1429 3631 procedebant
1444 3566 1474 3616 ad
1491 3567 1601 3617 denham
1619 3566 1735 3616 habentes

148 3640 318 3722 θλίγόλιαν
337 3644 397 3727 όρος
423 3642 466 3703 διὰ
489 3646 642 3726 Κρωπειᾶς,
667 3643 715 3712 ἕως
737 3643 860 3727 α’ρίκοντο
882 3647 908 3712 ἐς
950 3656 1061 3716 ἱηςοίοοιι
1075 3661 1182 3705 montem
1195 3669 1237 3719 per
1255 3656 1380 3718 (inopiam,
1398 3655 1474 3704 donee
1494 3655 1524 3703 sd
1542 3654 1663 3704 Achamas
1682 3666 1735 3716 per·

146 3725 266 3813 λγερνιίς,
285 3732 385 3815 χωρίον
403 3731 526 3810 με’γιστον
541 3737 588 3804 τῆς
607 3732 725 3805 Ἀττικῆς
744 3737 797 3792 τῶν
816 3732 907 3810 δήμων
950 3748 1066 3793 venerunt
1072 3744 1219 3804 ‚maximum
1229 3743 1308 3792 locum
1315 3744 1400 3793 Atticae
1410 3757 1440 3793 ex
1448 3742 1486 3803 lis,
1494 3742 1733 3805 quipegirocantur.

145 3819 303 3898 nioqrbuo.
333 3818 680 3898 Καίκαθεζόμενοιέςαθτδ
694 3819 909 3903 στρατόπεδόντε
951 3830 1159 3893 considentesque
1171 3830 1201 3880 ad
1212 3831 1258 3880 hoc
1268 3830 1384 3894 oppidum
1395 3835 1474 3880 rastra
1486 3831 1591 3880 lecerunt
1600 3835 1623 3879 el
1634 3829 1677 3880 diu
1689 3829 1738 3879 illic

146 3904 284 3979 ἐποιήσαντο
293 3907 425 3990 χρόνοντε
438 3906 520 3967 πολὺν
534 3907 703 3985 ἐμμείναντες
712 3907 828 3986 ἔτεμνον.
951 3920 1183 3981 commoratiagmm
1192 3918 1326 3968 restabant.

174 3997 226 4057 XX.
248 3996 346 4076 Γνώμη
358 3994 387 4055 δί
400 3998 489 4078 τοιᾷδε
501 3995 606 4073 λέγεται
619 3995 663 4055 τδν
678 3995 836 4077 Ἀρχίδαμον
849 3995 910 4078 περί
983 4009 1036 4056 xit.
1060 4007 1165 4057 consilio
1183 4011 1264 4056 autem
1281 4006 1322 4056 tali
1344 4005 1431 4055 dieitur
1452 4005 1623 4056 Archidamum
1643 4005 1735 4054 circum
1802 4036 1806 4043 -

145 4101 166 4139 τι
174 4082 214 4150 τίς
226 4082 354 4166 Ἀχαρνδς
372 4087 408 4151 ὥς
419 4086 444 4152 ἐς
458 4083 549 4164 μόχην
562 4082 707 4163 ταξάμενον
722 4089 809 4162 μεῖναι
827 4084 872 4143 καὶ
886 4088 911 4153 ἐς
929 4115 932 4150 ι
954 4094 1076 4144 Aebamas
1083 4107 1139 4143 cum
1148 4095 1254 4144 exercitu
1263 4093 1294 4143 ad
1302 4107 1406 4157 pugnam
1417 4093 1611 4143 committendam
1621 4094 1739 4143 instructo

146 4167 168 4226 ’.δ
181 4171 264 4231 πεδίον
280 4171 413 4251 helopi-p
432 4171 529 4251 ἐσόολῇ
543 4173 573 4229 οὗ
594 4171 751 4245 καταόῆναι.
793 4174 823 4251 (2)
843 4171 912 4240 Τοὺς
955 4182 1085 4241 mansisse,
1096 4195 1141 4231 nec
1158 4181 1223 4231 illius
1242 4182 1380 4245 irruptionis
1398 4186 1503 4245 tempore
1519 4182 1543 4230 in
1558 4181 1680 4244 planitiem
1697 4180 1739 4231 ‹le-

146 4253 344 4336 (θμἎθηναίαυς
354 4258 472 4331 ἤλπιζεν,
487 4257 653 4337 ἀκμάζοντάς
666 4283 695 4318 τε
708 4258 809 4334 νεότητι
824 4262 911 4342 πολλῇ
955 4268 1095 4319 scendisse:
1130 4269 1164 4332 (2)
1177 4270 1290 4332 sperabat
1300 4270 1365 4319 enim
1375 4269 1597 4334 Atlreuienses,qui
1614 4269 1690 4318 multa
1704 4269 1739 4332 ju·

148 4343 182 4402 ut
192 4344 451 4428 παρεσκευασμέναις
467 4348 492 4413 ἐς
506 4346 622 4425 πόλεμον
636 4350 670 4415 ὡς
686 4347 759 4406 οὔπω
776 4347 912 4431 πρότερον,
955 4360 1055 4407 ventute
1065 4357 1188 4418 florebant,
1197 4358 1259 4408 etad
1268 4357 1366 4417 bellum,
1377 4362 1404 4406 ut
1413 4370 1537 4419 nunquam
1547 4361 1613 4419 ante,
1627 4356 1738 4406 instructi

148 4428 235 4502 luris
248 4433 393 4503 ἐπεξελθεῖν
403 4433 449 4494 καί
459 4431 507 4505 τὴν
519 4438 569 4513 γῆν
579 4437 626 4494 οὐκ
638 4433 669 4493 δν
680 4437 803 4516 περιιδεῖν
814 4440 914 4514 τμηθῆ-
956 4449 1037 4506 erant,
1049 4444 1150 4494 tortasse
1163 4444 1260 4495 ebriam
1275 4445 1321 4495 sibi
1333 4444 1483 4507 prodituros,
1494 4458 1539 4494 nee
1552 4457 1635 4506 agrum
1651 4445 1740 4493 vastari

149 4539 188 4577 νει
224 4522 257 4600 (ο)
269 4522 382 4594 Ἐπειδὴ
394 4514 439 4581 oda
454 4524 526 4603 αὐτῷ
537 4525 563 4590 ἐς
576 4522 715 4583 Ἐλευσῖνα
730 4523 776 4582 καί
788 4524 817 4584 τδ
828 4524 915 4606 Θριᾶ-
956 4544 1078 4595 passuros.
1112 4533 1146 4594 (3)
1159 4536 1288 4595 Postquam
1299 4533 1372 4595 igitur
1380 4531 1411 4582 ad
1423 4532 1559 4582 Tlrrlasium
1571 4545 1683 4594 campum
1693 4531 1740 4594 ipsi

151 4624 192 4663 σαν
204 4607 290 4668 πεδίον
307 4610 356 4668 οίικ
373 4608 537 4681 ἀπήντησαν,
551 4610 645 4689 πεῖραν
662 4613 774 4670 ἐποιεῖτο
789 4611 850 4693 περὶ
868 4610 915 4681 τδις
957 4632 1006 4668 non
1027 4624 1193 4680 occurrerant,
1212 4621 1299 4669 cestris
1317 4619 1348 4668 ad
1369 4619 1491 4669 Acbamas
1513 4620 1597 4682 positis
1620 4619 1740 4678 tentabat,

152 4690 259 4775 ’λχερνδς
278 4697 425 4774 καθήμενος
438 4700 461 4756 εί
481 4696 621 4765 ἐπεξίασιν·
663 4701 697 4777 (ι)
718 4698 774 4778 ἅμα
797 4698 844 4778 μὲν
864 4700 915 4781 γὰρ
958 4707 979 4756 si
990 4713 1072 4756 contra
1088 4720 1114 4756 se
1125 4708 1218 4770 prodire
1232 4708 1353 4757 auderent.
1396 4708 1429 4771 (ο)
1447 4707 1523 4757 simul
1537 4707 1600 4757 enim
1619 4706 1658 4756 hie
1673 4707 1741 4756 lmus

155 4782 209 4861 θεῷ
222 4786 238 4842 ό
252 4787 336 4864 χῶρος
353 4783 498 4856 ἐπιτήδειος
515 4783 634 4866 ἐφαίνετο
649 4788 915 4869 ἐνστρατοπεδεῦσαι,
959 4795 1054 4844 stativis
1066 4794 1183 4844 habendis
1198 4800 1349 4858 opportunus
1366 4796 1410 4858 ipsi
1424 4795 1558 4854 ridebatur,
1580 4793 1651 4842 simul
1668 4794 1742 4843 eliam

156 4865 235 4941 θμεδὲ
248 4873 333 4931 καλοί
350 4872 479 4953 Ἀχαρνῆς
495 4870 563 4951 μίγα
579 4872 655 4954 μέρος
668 4874 739 4942 όντες
753 4880 800 4946 τῆς
816 4875 917 4943 πολεως
959 4883 1137 4942 Acharneuses,
1148 4882 1189 4944 qui
1202 4896 1287 4944 magna
1296 4883 1399 4931 civitatis
1411 4895 1467 4944 pars
1478 4887 1545 4930 erant
1556 4881 1667 4943 (luerunt
1677 4883 1743 4932 enim

158 4953 285 5036 {xpophor
301 4958 353 5041 γὰρ
368 4962 474 5019 ὁπλῖται
486 4960 612 5040 ἐγένοντο)
627 4964 656 5020 οὐ
672 4963 842 5045 περιόψεσθαι
858 4964 917 5023 ἐδό-
961 4970 1006 5019 lria
1018 4970 1120 5019 militum
1129 4971 1209 5032 grauis
1218 4975 1346 5019 armatum·
1355 4971 1441 5030 millia)
1451 4983 1498 5018 non
1506 4969 1650 5019 ridebuntur
1661 4983 1744 5021 rarum

159 5045 245 5103 οσοντθ
255 5046 366 5129 πρότερα
381 5048 569 5130 διαφθαρέντα,
585 5051 644 5109 ἀλλ’
659 5050 784 5132 όρμήσειν
796 5053 842 5111 καί
859 5052 918 5120 τοὺς
936 5090 939 5097 -
961 5071 1058 5107 suarum
1069 5058 1226 5108 vastationem
1237 5059 1379 5120 neglecturi,
1392 5057 1434 5107 sed
1446 5061 1471 5107 et
1484 5062 1577 5107 ceteros
1586 5057 1617 5106 nd
1629 5058 1742 5120 prmlium

160 5125 272 5200 ἵθπὶοίε
285 5133 384 5214 μοχην.
426 5137 460 5198 El
471 5137 555 5197 τεκαὶ
567 5134 605 5216 μὴ
618 5137 774 5209 ἐπεξίλθοιεν
785 5140 871 5221 ἐκείνῃ
885 5146 918 5222 τῇ
935 5101 939 5162 Ι
961 5145 1159 5200 committendum
1171 5147 1306 5212 impulsuri.
1321 5151 1398 5211 Atque
1406 5147 1477 5197 eliam
1485 5147 1506 5197 si
1516 5147 1672 5198 Athenienses
1686 5145 1747 5194 inter

239 5247 397 5288 'flmm-
