3676 5828
172 317 229 370 354
697 306 699 310 ’
797 356 801 367 ,
858 304 1091 366 Tflhcvolots

209 438 286 500 le.
309 439 343 497 lt
358 434 405 514 μὲν
420 436 529 504 σπονδαὶ
542 441 661 496 τοιαῦται
675 433 805 512 ἐγένοντο,
819 434 865 493 καὶ
883 433 951 511 μετὰ
1025 444 1086 492 Llll.
1102 440 1201 491 Foedera
1212 439 1309 502 pridem
1318 440 1371 489 lime
1383 439 1438 489 talia
1450 440 1559 500 suerunt,
1570 445 1595 490 et
1606 439 1745 492 εσουυθυιιι
1755 452 1784 492 ea

170 521 268 590 ταύτας
281 521 490 603 παθῑσκῑυᾶίῑῖθ
504 521 690 604 Τῑσσαφέρνθν
704 520 751 589 ,τάς
764 545 793 580 τε
807 520 951 588 Φοινίσσας
994 510 1165 573 Tissaphernes
1179 511 1328 572 praeparabat
1339 523 1413 559 nares
1424 510 1573 570 Phoenissae,
1587 514 1614 559 ul
1626 524 1684 572 eae,
1696 524 1782 574 quam·

171 615 233 679 ναῦς
242 609 319 682 άξων,
332 608 421 691 ὥσπερ
431 609 532 691 είρητο,
541 610 586 668 καί
597 602 682 668 τύλλα
697 608 797 690 όσαπερ
807 607 952 688 ὑπέσχετο,
994 578 1295 712 ἓῇῗῃοὲἓέχῗίἓὲυῧιὲζὲἒ
1303 577 1784 711 ’czffluffffiffizffifigffffi

111 746 114 753 .
170 696 217 760 καλ
230 696 352 755 ἐύούλετο
365 696 627 776 παρασκευαζόμενος
638 702 699 774 γοῦν
712 698 788 767 δῆλος
801 686 880 754 εἶναι·
996 718 1216 769 misogramma

210 785 271 844 LX·
293 782 404 844 Βοιωτοὶ
413 781 440 841 δὲ
448 783 674 854 τελευτῶντοιῆδη
682 789 728 841 τοῦ
737 785 864 861 χειμῶνος
872 780 953 860 Ὦρον
1026 798 1077 846 Lx.
1093 795 1171 846 aoeott
1186 801 1267 844 autem
1278 798 1381 844 exeunte
1393 794 1443 855 jum
1462 795 1540 845 niens
1551 798 1674 858 oropum,
1688 794 1717 845 in
1735 807 1785 858 quo

171 869 221 929 πθν
235 861 302 930 εἷλον
317 869 443 951 προδοσία
455 869 596 941 Ἀθηναίων
606 868 827 951 ἐμρρουρούντων.
870 867 954 926 Ξυνέ·
995 887 1047 932 spat
1062 883 1242 933 senoniensium
1258 881 1464 944 praesidiumper
1481 882 1640 945 proditionem
1656 886 1784 944 ceperum

171 958 273 1038 πρᾶξαί
289 956 316 1016 δὲ
329 956 484 1038 Ἐρῑῑρῑίων
499 980 528 1014 τε
540 956 630 1038 ἄνδρες
645 955 691 1015 καί
706 958 791 1013 αὐτῶν
805 953 953 1036 Ὠρωπίων,
998 968 1074 1020 Simul
1085 973 1164 1017 autem
1174 969 1329 1028 haecegerant
1341 968 1447 1017 nonnulli
1460 967 1631 1017 Eremiensium
1641 967 1785 1030 etipsoeum

172 1043 381 1110 ὶπιύουλεύοντες
389 1042 534 1102 ἀπόστασιν
541 1048 587 1115 τῆς
598 1042 723 1110 Εὐθείας·
732 1041 775 1100 ἐπί
783 1039 873 1124 χδρτῇ
882 1041 955 1121 'alpe
998 1056 1155 1118 oropiorum,
1165 1055 1206 1118 qui
1215 1068 1311 1118 operam
1321 1053 1467 1114 clmrdestine
1475 1053 1577 1115 dabant,
1587 1058 1615 1103 ut
1624 1053 1746 1104 liubanem
1755 1053 1786 1104 εδ

171 1132 232 1213 τρία
247 1131 276 1191 τὸ
291 1130 387 1212 χοιρίον
402 1127 430 1189 δν
449 1128 564 1188 ἀδύνατοι
582 1121 613 1193 ήν
629 1129 769 1201 Ἀθηναίων
788 1128 900 1208 ἐχόντων
916 1125 953 1204 μὴ
997 1141 1154 1192 delectionem
1166 1141 1320 1202 inducerent3
1338 1141 1388 1190 lieri
1400 1141 1464 1190 enirn
1479 1154 1527 1191 mn
1538 1146 1647 1204 poterat,
1662 1139 1725 1204 quin
1740 1141 1787 1191 hoe

173 1221 202 1278 ού
217 1218 320 1298 μεγάλα
337 1217 461 1298 βλάπτειν
476 1217 521 1276 καλ
535 1216 674 1298 Ἐρέτριαν
686 1217 730 1276 καλ
742 1215 789 1288 τήν
802 1215 884 1287 άλλην
898 1214 953 1275 Εύ-
997 1229 1126 1293 oppidum,
1137 1229 1200 1292 quod
1219 1230 1317 1279 Eretriae
1328 1229 1481 1290 imminebat,
1492 1229 1681 1279 Allienienaihus
1692 1229 1742 1279 hoe
1753 1232 1786 1279 ta·

174 1306 258 1368 όοιαν.
301 1307 333 1383 (a)
344 1305 471 1384 Ἔχοντες
480 1295 524 1363 othl
534 1304 585 1377 ἤδη
596 1304 639 1363 τὸν
652 1303 773 1386 Ὠρωπὸν
786 1306 954 1383 ἀφικνοῦνται
998 1317 1120 1378 uentibus,
1128 1316 1661 1377 magnisrletrimentisetEretriametceteram
1666 1317 1786 1367 Luboeam

173 1397 200 1462 ίς
213 1392 304 1455 Ῥόδον
320 1396 344 1451 ol
358 1393 506 1474 Ἐρετριῆς,
522 1391 721 1470 ἐπικαλούμενοι
737 1393 762 1458 ἐς
775 1389 954 1470 τήνιΕύύοιαν
998 1403 1110 1453 afficeres
1141 1404 1173 1466 (a)
1185 1404 1331 1453 Eretrienses
1341 1404 1422 1466 igitur,
1436 1408 1517 1468 oropo
1525 1404 1575 1466 jam
1587 1405 1672 1467 portu,
1684 1405 1712 1455 tn
1723 1403 1786 1454 lahs-

173 1481 234 1550 τοὺς
246 1479 480 1553 Πελοποννησίους.
535 1481 570 1540 Οἱ
585 1477 612 1539 δέ
625 1479 689 1562 πρὸς
701 1477 749 1551 τήν
763 1483 809 1551 τῆς
825 1478 891 1543 Χίου
903 1501 956 1536 κα·
999 1491 1059 1540 dum
1070 1490 1179 1551 iverunt,
1192 1494 1219 1539 ut
1235 1491 1421 1554 Peloponnesios
1431 1490 1457 1540 in
1468 1491 1584 1541 Euhenum
1595 1492 1711 1542 accirent
1748 1490 1786 1542 tttt

173 1551 301 1647 ίνυμίνης
309 1567 431 1646 βοήθειαν
439 1568 538 1644 μᾶλλον
546 1565 735 1648 ώρμηντο,καλ
743 1566 851 1648 ἄραντες
858 1565 956 1631 πόσαις
1000 1591 1057 1627 vero
1075 1578 1151 1639 mama
1165 1576 1196 1626 ad
1212 1577 1328 1627 auxilium
1346 1577 1407 1628 chio
1418 1576 1543 1627 ferendum
1560 1578 1648 1627 intenti
1663 1582 1748 1641 mant,
1761 1581 1787 1628 et

173 1660 232 1724 ταῖς
247 1655 441 1726 ναυσίνέκτῆς
454 1653 546 1714 Ῥόδου
562 1654 664 1715 ἔπλεον.
708 1657 739 1733 (a)
756 1653 809 1714 Καὶ
823 1651 957 1732 γενόμενοι
999 1665 1129 1715 ormomni
1139 1665 1669 1728 (lasseelthodosolventesoonsvigabsnt,
1702 1665 1738 1729 (³)
1756 1669 1787 1717 m

174 1740 235 1824 περί
248 1740 373 1824 Τριόπιον
387 1744 517 1822 καθορῶσι
529 1740 636 1808 τδςτῶν
649 1740 790 1813 Ἀθηναίων
801 1746 863 1808 ναῦς
873 1742 957 1799 πελα-
1000 1766 1076 1816 quum
1093 1751 1124 1801 ml
1136 1753 1259 1814 Triopium
1273 1753 1451 1815 peruenissent,
1470 1753 1651 1803 Ahreoionsium
1667 1753 1786 1814 classem

174 1828 233 1907 γίας
245 1828 297 1887 ἀπὸ
309 1833 355 1901 τῆς
366 1828 476 1900 Χάλκης
488 1827 629 1895 πλεούσας·
645 1827 690 1886 καλ
708 1831 744 1895 ὡς
763 1826 891 1909 οὐδέτεροι
910 1830 957 1886 άλ-
1000 1853 1054 1903 quae
1065 1854 1094 1891 ex
1106 1840 1192 1890 Chalae
1204 1839 1328 1901 veniebat,
1340 1841 1364 1889 in
1376 1840 1424 1890 ulto
1435 1843 1586 1902 navigantem
1597 1847 1787 1903 prospexerunt3

174 1916 263 1989 λήλοις
277 1915 412 1989 ἐπέπλεον,
425 1918 592 1998 ἀφικνοῦνται
604 1920 627 1975 οἱ
639 1914 687 1992 μὲν
699 1919 725 1983 ἐς
735 1913 784 1987 τήν
797 1914 889 1993 Σάμον
901 1917 956 1974 οίδ
1001 1932 1025 1978 et
1034 1940 1109 1991 quum
1118 1927 1196 1977 neutri
1205 1929 1230 1978 in
1239 1928 1327 1976 alteros
1336 1928 1497 1978 incursionem
1505 1929 1582 1978 classe
1591 1928 1712 1990 iacerent,
1720 1929 1786 1983 oleri

175 2006 201 2072 ἐς
211 2004 258 2076 τήν
274 2005 402 2076 Μιλητον,
415 2003 460 2063 καί
473 2002 559 2086 ἑώρων
572 2002 658 2063 οὐκέτι
670 2003 730 2062 ἄνευ
742 2003 893 2084 ναυμαχίας
904 1997 956 2062 οἷόν
1001 2019 1112 2077 Samum,
1137 2016 1205 2064 alteri
1225 2016 1334 2065 lililetum
1352 2029 1379 2065 se
1393 2020 1545 2078 receperunt,
1561 2019 1586 2066 et
1600 2015 1719 2066 ridebant
1742 2030 1787 2066 nan

174 2092 198 2151 τ’
209 2084 275 2152 εἶναι
287 2095 313 2160 ἐς
324 2091 371 2162 τήν
381 2091 446 2152 Χίον
459 2096 596 2172 βοηθῆσαι.
640 2090 826 2171 Καίδχειμὼν
837 2090 957 2151 ἐτελεύτα
1001 2102 1103 2165 amplius
1117 2103 1183 2152 chiis
1194 2102 1246 2151 eine
1257 2102 1335 2151 navali
1349 2102 1434 2165 proeho
1444 2114 1514 2164 opem
1524 2101 1578 2151 ferri
1593 2114 1674 2164 possa.
1710 2107 1787 2165 Atque

175 2171 260 2253 οὗτος,
275 2180 320 2238 καὶ
340 2179 454 2239 εἰκοστὸν
471 2178 526 2246 έτος
537 2183 574 2261 τῷ
587 2177 696 2260 πολέμῳ
710 2178 832 2240 ἐτελεύτα
847 2181 914 2262 τῷδε
930 2179 958 2239 ὃν
1002 2189 1291 2250 incimmemmaum,
1304 2188 1787 2252 huJ'usquebellivicesimusennusfinie·

175 2267 338 2341 Θουκυδίδης
351 2267 518 2349 ξυνέγραψεν.
1002 2276 1080 2336 hatur,
1089 2276 1154 2340 quod
1163 2275 1317 2338 Thucydides
1327 2276 1476 2339 conscripsit.

213 2358 287 2419 LXI.
309 2360 364 2417 Τοῦ
377 2356 399 2414 δ’
409 2354 605 2434 ἐπιγιγνομένου
618 2353 706 2436 θέρους
718 2353 775 2432 ἅμα
786 2358 824 2436 τῷ
833 2347 877 2436 ήρι
886 2355 960 2423 εθθθς
1035 2367 1094 2414 Lxl.
1111 2364 1262 2428 insequentis
1273 2369 1354 2413 nutem
1363 2364 1455 2413 aestatis
1467 2376 1523 2413 vcra
1537 2361 1619 2412 statim
1634 2362 1748 2424 meante,
1764 2365 1789 2412 et

175 2442 315 2526 ἀρχομένῳ
329 2442 489 2524 Δερκυλίδας
507 2466 536 2501 τε
558 2440 624 2522 ἀνὴρ
647 2441 817 2523 Σπαρτιάτης
834 2443 959 2524 στρατιὰν
1003 2450 1156 2513 Dercylidas,
1168 2453 1204 2500 vir
1215 2455 1359 2514 spartanus,
1372 2464 1428 2499 curn
1442 2463 1490 2500 non
1502 2463 1587 2512 magna
1599 2449 1705 2499 militum
1717 2463 1789 2499 mnu

175 2532 244 2612 ἔχων
261 2534 291 2591 οὐ
309 2529 410 2602 πολλὴν
430 2529 607 2611 παρεπέμρθη
622 2533 689 2609 πεζῇ
708 2530 747 2611 ἐρ’
762 2529 959 2601 Ἑλλησπόντου
1003 2538 1087 2588 itinere
1099 2538 1202 2603 pedestri
1212 2539 1237 2588 in
1246 2538 1428 2601 Hellespontum
1440 2539 1528 2588 missus
1539 2542 1589 2600 est,
1598 2542 1627 2586 ut
1636 2537 1751 2600 Abydum
1759 2537 1789 2587 ad

175 2617 285 2679 Ἄόυδον
300 2616 456 2687 ἀποστήσων
478 2616 543 2694 (εἶσί
563 2615 591 2674 δὲ
605 2616 744 2687 Μιλησίων
763 2616 899 2698 ἄποικοι),
914 2619 960 2678 καὶ
1004 2625 1160 2676 deiectionem
1178 2626 1307 2676 adduceret
1329 2627 1401 2688 (sunt
1415 2631 1495 2674 autem
1514 2625 1662 2675 Milesiorum
1682 2624 1790 2686 uoloni),

176 2709 200 2765 οἱ
214 2707 288 2779 Χῖοι,
301 2708 327 2764 ἐν
342 2703 395 2786 ὅσῳ
410 2705 495 2771 αὐτοῖς
508 2708 522 2762 δ
536 2704 677 2783 Ἀστύοχος
692 2701 786 2785 ἠπόρει
805 2703 875 2772 ὅπως
894 2710 960 2784 βοη-
1004 2719 1028 2764 et
1037 2714 1103 2775 chii,
1113 2713 1172 2763 dum
1179 2714 1313 2775 Astyoches
1322 2712 1516 2775 dubitabat,qua
1527 2716 1616 2762 renone
1626 2713 1656 2761 iis
1665 2725 1739 2775 opem
1748 2712 1790 2762 ler-

177 2793 252 2865 θήσοι
260 2837 268 2866 ,
276 2790 600 2872 ναυμαχῆσαιπιεζόμενοι
607 2797 640 2872 τῇ
648 2791 785 2873 πολιορκία
794 2794 959 2871 ἠναγκάσθη·
1005 2805 1054 2862 ret,
1065 2815 1141 2863 quum
1151 2801 1274 2850 obsidione
1284 2803 1457 2863 premerentur,
1466 2800 1551 2849 navale
1560 2799 1672 2863 prolium
1681 2800 1791 2849 υοιιιιαὶι-

177 2904 236 2942 σαν.
279 2881 312 2960 (2)
326 2878 442 2960 Ἔτυχον
457 2881 479 2939 δ’
493 2879 532 2939 ἔτι
545 2884 572 2940 ἐν
587 2879 673 2961 Ῥόδῳ
687 2879 760 2946 ὄντος
774 2881 914 2962 Ἀστυόχου
931 2885 961 2941 ἐκ
1004 2892 1055 2939 tere
1064 2890 1140 2939 eoacti
1151 2893 1215 2938 sunt.
1234 2873 1268 2951 (a)
1280 2891 1449 2946 Quumautem
1460 2888 1595 2948 estpoehus
1604 2886 1670 2951 apud
1678 2887 1792 2937 Rhodum

176 2972 224 3040 τῆς
240 2965 360 3039 Μιλήτου
375 2967 476 3027 Λίουτά
491 2990 519 3026 τε
541 2966 623 3047 ἄνδρα
638 2966 820 3048 Σπαρτιάτην,
836 2966 863 3035 ὃς
877 2969 960 3028 Ἀντι-
1006 2975 1085 3026 adhuc
1091 2981 1168 3038 esset,
1178 2979 1300 3035 Leontem,
1312 2976 1392 3024 virum
1403 2979 1546 3038 spartanum
1556 2975 1791 3037 metumientem,

178 3053 261 3114 σθένει
276 3053 405 3124 ἑπιθάτης
418 3052 567 3128 ξυνεξῆλθε,
580 3061 670 3114 τοῦτον
690 3054 875 3134 κεκομισμένοι
895 3056 963 3136 μετὰ
1005 3064 1114 3127 quicum
1124 3064 1265 3114 Antisthene
1275 3063 1333 3112 illue
1348 3062 1432 3113 eadem
1445 3063 1501 3111 novi
1514 3065 1598 3112 vectus
1613 3065 1728 3123 venem,
1739 3066 1792 3126 posi

176 3142 221 3202 τὸν
235 3141 381 3222 Πεδαρίτου
398 3141 508 3200 θάνατον
526 3141 656 3254 ἄρχοντα,
675 3141 721 3200 καὶ
742 3148 803 3210 ναῦς
819 3141 919 3201 δώδεκα
935 3144 963 3202 αἳ
1006 3151 1110 3201 Pedariti
1126 3156 1228 3201 mortem
1245 3150 1330 3200 ducem
1348 3153 1501 3212 acceperant,
1519 3152 1544 3198 et
1558 3147 1688 3198 duodecim
1705 3161 1793 3211 nares,

179 3229 272 3311 έτυχον
282 3229 396 3312 ρύλακες
405 3228 526 3300 Μιλήτου
535 3253 625 3302 ουσαι,
637 3220 673 3287 ὧν
684 3221 751 3301 ήσαν
762 3228 874 3311 Θούριοι
886 3229 962 3290 πέντε
1006 3252 1061 3301 qum
1072 3239 1178 3302 praesidii
1189 3252 1261 3288 causa
1276 3239 1350 3288 Mileti
1363 3238 1472 3299 stabant,
1489 3249 1591 3300 quarum
1603 3241 1672 3286 erant
1686 3237 1793 3301 quinque

178 3317 223 3377 καλ
237 3316 399 3400 Συρακόσιαι
411 3317 536 3399 τέσσαρες
545 3316 590 3375 καί
603 3317 651 3395 μία
664 3315 784 3385 Ἀναιῖτις
795 3317 840 3376 καί
850 3317 899 3394 μία
909 3323 963 3379 Μι-
1007 3327 1103 3377 Thuriae
1116 3331 1141 3376 et
1151 3330 1305 3389 Syracusanas
1319 3330 1421 3388 quatuor
1436 3330 1460 3374 et
1474 3337 1522 3374 una
1532 3325 1634 3375 Anmiiis
1649 3327 1674 3375 et
1688 3337 1740 3373 una
1753 3323 1793 3375 tli-

178 3405 259 3478 ληοία
278 3405 324 3464 καὶ
342 3404 453 3472 Λέοντος
471 3404 529 3482 μία.
586 3407 618 3482 (ο)
641 3404 847 3473 Ἐπεξελθόντων
867 3405 893 3465 δέ
911 3411 963 3465 τῶν
1007 3415 1065 3464 lesia
1079 3420 1104 3464 et
1121 3415 1217 3464 Leontio
1234 3427 1289 3463 una.
1321 3413 1354 3476 (3)
1365 3417 1447 3472 Quum
1458 3413 1531 3474 igitur
1543 3412 1597 3462 Chii
1606 3425 1663 3461 cum
1675 3412 1795 3462 anirum

178 3492 253 3554 Χίων
265 3492 398 3569 πανδημεί
411 3491 458 3550 καί
475 3490 679 3551 καταλαόόντων
695 3516 720 3551 τι
734 3492 843 3573 ἕρυμνδν
856 3494 963 3575 χωρίον,
1007 3501 1081 3564 copiis
1092 3501 1230 3564 prodissent
1241 3500 1399 3563 etqucmdam
1408 3502 1485 3550 locum
1492 3500 1613 3549 munitum
1619 3502 1794 3563 occupassent,

179 3579 225 3639 καλ
237 3584 289 3639 τῶν
302 3583 366 3638 νεῶν
382 3581 469 3646 αὐτοῖς
481 3579 538 3656 ἅμα
554 3577 580 3647 ἒξ
591 3578 637 3637 καὶ
648 3579 789 3660 τριάκοντα
801 3581 845 3638 ἐπὶ
855 3581 902 3648 τὰς
912 3585 964 3640 τῶν
1007 3593 1030 3640 el
1043 3588 1114 3638 simul
1127 3589 1232 3652 ipsorum
1249 3602 1292 3638 sex
1303 3593 1328 3639 et
1340 3589 1435 3650 triginta
1447 3588 1564 3637 adversus
1582 3586 1644 3636 duas
1655 3591 1681 3636 et
1700 3587 1795 3651 triginta

180 3665 321 3738 Ἀθηναίων
336 3663 381 3725 δύο
399 3665 445 3724 καί
459 3664 599 3746 τριάκοντα
615 3665 828 3744 ἀναγαχομένων,
848 3668 965 3746 έναυμά-
1008 3676 1189 3727 Atheniensium
1202 3689 1277 3725 naves
1294 3676 1317 3724 in
1334 3676 1409 3725 altum
1426 3676 1565 3734 solvissent,
1581 3675 1696 3738 prolium
1712 3674 1795 3724 narsis

180 3776 282 3834 χησαψ
293 3753 338 3812 καί
348 3761 476 3833 καρτερᾶς
486 3752 626 3832 γενομένης
637 3752 786 3832 ναυμαχίας
795 3757 842 3813 οὐκ
853 3754 964 3814 ἔλασσον
1007 3765 1192 3824 commiseritum
1200 3764 1304 3813 etatroci
1314 3762 1526 3826 pugnaaommissa
1536 3762 1589 3813 Chii
1600 3765 1626 3812 et
1637 3761 1697 3811 socii
1705 3798 1713 3823 ,
1721 3774 1795 3826 quin

181 3842 285 3921 ἔχοντες
299 3844 325 3900 ἐν
341 3846 380 3921 τῷ
393 3841 461 3923 ἔργῳ
478 3845 501 3899 οἱ
514 3843 575 3902 Χῖοι
589 3841 634 3900 καί
648 3845 672 3902 οἱ
687 3840 821 3922 ξύμμαχοι
836 3843 901 3922 (ἤδη
913 3842 965 3926 γάρ
1007 3865 1055 3901 oon
1067 3851 1189 3901 inferiores
1203 3864 1282 3914 pugna
1293 3855 1374 3900 essent
1387 3850 1448 3914 (iam
1462 3851 1526 3901 enim
1537 3851 1608 3901 etiam
1617 3862 1708 3913 vesper
1717 3848 1795 3913 erat),

180 3929 227 3988 καί
240 3928 287 4011 &pe
301 3919 346 4006 ήν)
363 3928 534 4010 ἀνεχώρησαν
550 3932 576 3995 ἐς
587 3927 634 4001 τήν
648 3927 734 3990 πόλιν.
1008 3939 1034 3989 in
1045 3939 1130 3989 urbem
1142 3939 1272 3989 redierunt.

223 4018 310 4078 Lxll.
333 4015 409 4076 Μετδι
421 4014 449 4074 δὲ
459 4021 537 4076 τοῦτο
546 4014 619 4084 εὐθὺς
630 4023 675 4075 τοῦ
688 4017 845 4098 Δερκυλίδου
857 4022 924 4099 πεζῇ
936 4022 966 4078 ἐκ
1040 4030 1114 4078 Lxll.
1132 4030 1219 4076 Postea
1235 4039 1293 4077 vcro
1306 4026 1388 4076 statim
1404 4039 1479 4089 quum
1495 4023 1634 4087 Dercylidas
1651 4023 1740 4076 itinera
1756 4037 1795 4089 pe·

180 4107 227 4176 τῆς
237 4102 358 4176 Μιλήτου
367 4100 684 4184 παρεξελθόντοςἌὸυδος
693 4103 966 4186 ἔντῷἝλλησπόντῳ
1009 4111 1795 4176 destriltlilctodiseessisset,Abydusinllellespontoadnerep·

182 4190 325 4273 ἀφίσταται
333 4191 397 4272 πρὸς
406 4191 566 4272 Δερκυλίδαν
576 4191 621 4250 καὶ
630 4191 820 4272 Φαρνάόαζον,
832 4191 878 4251 καὶ
888 4192 967 4270 Λάμ-
1010 4201 1082 4251 lidam
1099 4207 1123 4252 et
1140 4203 1308 4252 Phanabazum
1320 4201 1421 4264 deiecit,
1434 4206 1458 4250 et
1469 4202 1615 4264 Lampsacus
1630 4199 1730 4251 duobus
1743 4203 1795 4264 pasl

182 4281 265 4360 ιθακος
278 4277 474 4361 δυοῖνήμέραιν
487 4277 602 4360 ὕστερον.
645 4279 922 4361 (ν)Στρομ6ιχίδηςδ’
936 4283 967 4340 ἐκ
1010 4289 1103 4340 θὶεθιιε.
1138 4290 1172 4351 (2)
1184 4289 1371 4339 strombichides
1383 4302 1441 4339 vero
1449 4301 1480 4338 ex
1492 4287 1795 4350 chio,reoognlta,oele

181 4370 229 4438 τῆς
251 4364 331 4438 Χίου,
352 4365 508 4444 πυθόμενος,
530 4364 599 4424 κατδι
622 4366 702 4446 τάχος
726 4366 857 4447 βοηθήσας
876 4368 966 4427 ναυσὶν
1010 4376 1068 4427 riter
1082 4389 1138 4425 cum
1153 4381 1257 4438 quatuor
1271 4380 1297 4425 et
1313 4376 1396 4438 viginti
1413 4374 1594 4427 Atheniensium
1607 4373 1796 4437 navibus,iutsr

182 4450 325 4524 Ἀθηναίων
343 4452 469 4533 τέσσαρσι
487 4452 534 4512 καί
548 4453 654 4526 είκοσιν,
673 4445 708 4512 ὧν
725 4453 770 4513 καί
785 4453 968 4536 στρατιώτιδες
1011 4476 1072 4527 quas
1081 4468 1148 4512 erant
1156 4464 1229 4512 etiam
1236 4463 1351 4513 militares
1359 4463 1439 4525 gravis
1448 4467 1575 4512 armaturea
1584 4461 1674 4510 milites
1683 4461 1796 4511 τείνειεν

182 4532 251 4612 ήσαν
261 4539 368 4607 ύπλίτας
378 4541 502 4620 άχουσαι,
512 4539 700 4608 ἐπεξελθόντων
710 4545 762 4600 τῶν
774 4544 966 4623 Λαμψακηνῶν
1011 4551 1100 4600 auxilio
1112 4551 1247 4614 prolectas,
1262 4564 1337 4613 quum
1349 4553 1536 4613 Lampsacenos,
1547 4547 1589 4611 quii
1599 4547 1698 4597 obviam
1710 4547 1734 4598 ei
1745 4558 1796 4612 pro·

184 4627 260 4707 μάχῃ
270 4627 403 4708 κρατήσας
413 4629 460 4688 καὶ
471 4627 592 4687 αθτοὸοεί
603 4627 753 4709 Λάμψακον
766 4630 913 4710 ἀτείχιστον
925 4621 969 4689 ού-
1012 4638 1119 4700 dierunt,
1127 4637 1211 4701 proelio
1220 4641 1370 4701 superasset,
1381 4641 1405 4687 et
1414 4640 1573 4700 Lampsacum
1581 4634 1654 4684 nule
1663 4634 1743 4684 muris
1750 4634 1796 4685 ein·

184 4737 234 4775 σαν
246 4715 322 4789 ἑλών,
333 4715 380 4774 καὶ
390 4716 471 4789 σκεύη
483 4715 530 4794 μίν
539 4716 586 4776 καί
597 4715 749 4798 ἀνδράποδα
759 4716 882 4797 ἁρπαγήν
894 4740 969 4789 ποιη·
1012 4730 1076 4775 ctum
1090 4726 1166 4788 primo
1180 4725 1270 4787 impetu
1285 4725 1401 4788 cepisset,
1412 4728 1437 4774 et
1452 4736 1511 4773 rasa
1524 4722 1621 4787 quidem
1636 4734 1666 4772 ae
1677 4721 1797 4786 meneiph

184 4801 311 4880 σάμενος,
335 4802 394 4870 τοὺς
417 4804 439 4862 δ’
460 4801 609 4883 ίλευθέρους
632 4801 712 4862 πάλιν
737 4803 901 4877 κατοικίσας,
928 4803 969 4861 ἐπ’
1012 4810 1796 4876 diripiendasuisrledisset,liberosauterninsoaspristinasss·

185 4887 296 4949 Ἀύυδον
315 4881 402 4961 ήλθεν.
446 4891 478 4967 (a)
502 4887 558 4950 list
571 4894 606 4957 ὡς
626 4888 685 4947 οὔτε
705 4888 890 4971 προσεχώρουν
909 4889 968 4949 οὔτε
1013 4901 1056 4951 des
1068 4900 1225 4961 restituisset,
1236 4899 1348 4961 Abydum
1359 4899 1435 4962 petiit.
1468 4898 1503 4960 (3)
1512 4902 1543 4948 m
1553 4910 1629 4960 quum
1641 4896 1798 4960 nequeas&-

186 4975 360 5057 προσὸάλλων
375 4976 483 5036 ἐδύνατο
496 4979 573 5050 ἑλεῖν,
588 4979 613 5044 t<
626 4976 656 5035 τὸ
675 4976 815 5057 ἀντιπέρας
831 4982 878 5049 τῆς
891 4976 969 5036 Ἀύύ-
1013 4988 1102 5038 tionem
1114 4988 1217 5037 iacerent
1228 5001 1307 5050 neque
1318 4987 1402 5037 cubem
1416 4999 1542 5050 aggressos
1553 4998 1693 5049 expugnare
1702 4988 1799 5050 posset,

187 5065 232 5121 δαν
243 5062 410 5132 ἀποπλεύσας
420 5062 523 5136 Σηστδν
532 5063 607 5122 πόλιν
615 5068 662 5136 τῆς
671 5062 852 5144 Χερσονήσου,
861 5064 894 5137 ήν
904 5088 968 5124 ποτε
1013 5075 1038 5123 in
1050 5075 1168 5136 regionem
1179 5073 1263 5136 sardo
1273 5074 1407 5138 oppositam
1416 5072 1522 5135 trajecit,
1530 5075 1555 5123 et
1567 5075 1665 5122 Sestum
1677 5072 1799 5125 urhenin
