3676 5828
706 347 1105 427 ιειιοιιι.ιι,ιο-ιι.
1650 384 1685 437 ,,

110 480 229 548 θηλυκῶς
241 479 259 548 ὴ
273 475 353 542 νόσος·
366 473 397 533 τδ
413 474 440 533 δί
458 471 595 553 λεγόμενον
607 476 642 541 ὡς
659 473 723 555 πρὸς
735 474 766 533 τό
778 475 885 553 νόσημα
926 477 1042 556 λοιμύδη
1054 479 1109 538 ίσεί
1121 477 1154 537 τά
1166 479 1288 557 σώματα.
1303 515 1345 527 -
1357 503 1378 541 ο.
1390 487 1539 569 Τεκμήριον
1551 487 1589 561 δί]
1603 495 1649 549 τοῦ
1661 492 1702 550 λό·

112 564 266 636 &Imm
281 560 402 643 Ὄμηρος
415 569 471 635 [04]·
485 572 521 634 Π,
534 567 586 632 74]·
925 588 973 644 γου
987 588 1047 642 μου.
1059 601 1099 612 -
1110 567 1177 647 Περί
1190 573 1303 627 τοιοῦτον
1315 569 1398 642 οὐδέν]
1410 574 1470 653 περί
1478 574 1508 634 τδ
1522 576 1700 658 σαρκοάορεῖν,

965 659 1700 830 ιιἰοιιιιιιιςυιιοιοι

926 777 961 787 ·“
1284 805 1289 826 ,
1323 785 1385 808 ·-
1510 781 1531 813 ω
1671 783 1684 817 ν

927 834 994 893 ἀλλά
1007 858 1032 893 τι
1042 834 1119 907 ἄηθες
1129 835 1175 894 καί
1191 835 1297 896 άτοπον.
1312 869 1346 878 -·
1359 859 1380 898 ο.
1394 838 1446 899 Ἕν
1459 865 1487 899 τε
1499 840 1572 901 οὐδὲν
1583 843 1698 918 κατέστη
1714 873 1727 910 η

84 947 97 986 ιι
110 935 145 1001 ὡς
158 931 222 1012 πρὸς
235 928 342 1010 τδνίφος
356 927 512 998 ἀπήντησεν.
524 927 540 1002 §
553 928 651 1005 Σχῆμα
662 928 679 997 ἡ
693 925 765 992 νόσος
778 926 888 1005 λεγόμι-
926 919 1003 1000 ίαμα]
1012 923 1042 981 τὸ
1051 928 1143 1003 σχῆμα
1150 922 1329 1003 καινοπρεπές.
1341 956 1376 965 -
1385 926 1556 1007 Ξυνενεγκόν]
1568 932 1702 1006 λυσιτελῆ-

110 1044 162 1078 νον·
182 1018 336 1099 τδπράγμα
351 1012 602 1090 δηλονότιδίίάθος
622 1011 748 1084 ἐστί,καί
765 1011 886 1084 όταύιην
928 1031 1027 1068 σοιν.-
1041 1030 1064 1071 ε.
1095 1009 1166 1091 ΙΙρθς
1175 1010 1247 1082 αὐτό]
1262 1010 1291 1070 τὸ
1302 1010 1415 1089 νόσημα.
1429 1017 1602 1098 -Ξυυήρεή
1616 1042 1698 1078 m.

110 1110 201 1186 είπὼν,
213 1106 242 1166 τθ
254 1106 334 1172 πάθος
343 1103 466 1173 ἐδήλωσε.
480 1101 518 1160 διὸ
529 1099 574 1160 καί
583 1104 597 1159 ό
607 1099 768 1171 Θουκυδίδης
777 1101 887 1159 ἐνταῦθα
926 1096 1006 1176 γαγδν
1019 1096 1136 1172 ὴφάνιζε.
1153 1135 1188 1144 -
1201 1117 1223 1157 ι.
1237 1100 1276 1159 Τὸ
1292 1098 1455 1173 ἀνέλπιστον]
1467 1102 1516 1175 τὴν
1530 1106 1700 1166 ἀνελπιστίαν

110 1200 139 1255 οὐ
151 1195 214 1276 πρὸς
222 1194 269 1265 τὴν
283 1192 358 1251 νόσον
374 1190 491 1267 ἐπήγαγε
504 1187 552 1258 τὴν
564 1185 686 1266 μετοχὴν,
701 1186 769 1245 ἀλλά
779 1186 843 1268 πρδς
857 1187 887 1247 τδ
926 1187 972 1255 τῆς
983 1183 1089 1262 ὑγιείας.
1109 1223 1139 1235 -
1155 1181 1290 1265 Προίεντο]
1312 1186 1434 1249 ἀπέλυον.
1447 1228 1478 1240 -
1496 1192 1551 1252 ίίαί
1564 1191 1604 1252 ότι
1616 1192 1701 1275 ἕτερος

111 1281 310 1360 σημαινόμενον,
336 1278 416 1356 ήγουν
436 1276 467 1335 τὸ
490 1276 580 1343 πάθος.
596 1305 631 1314 -
649 1294 670 1333 ι.
693 1273 887 1355 Θεραπεύοντες
927 1271 970 1351 ἀφ’
985 1270 1115 1352 ἑτάρου]ή
1134 1271 1252 1341 σύνταξις
1263 1271 1346 1345 οὕτω,
1359 1274 1503 1337 δεινότατον
1517 1271 1548 1352 ήν
1563 1279 1581 1352 ή
1597 1303 1626 1340 τι
1638 1285 1700 1342 ἀθυ-
1718 1296 1742 1332 ιι.

74 1393 98 1431 ιο
111 1370 212 1449 ἀγνοίφ]
224 1371 246 1426 εί
257 1366 308 1446 γάρ
319 1365 423 1445 ήδεισαν
434 1361 570 1440 ότιλοιμδς
583 1353 624 1433 ὴν,
637 1364 683 1420 οὐκ
693 1360 725 1419 ἀν
737 1361 886 1443 ίπεχείρουν
927 1358 976 1437 μία
987 1359 1032 1418 καί
1044 1357 1083 1418 ότι
1098 1359 1184 1440 ἕτερος
1200 1362 1244 1441 ἀφ’
1257 1360 1355 1441 ίτέρου.
1365 1406 1397 1419 ..
1415 1365 1579 1444 Θεραπείας]
1593 1372 1640 1439 τῆς
1651 1370 1704 1428 ἀπὸ

110 1457 153 1516 διά
165 1457 194 1516 τδ
210 1451 386 1534 μεταδοτικόν.
398 1486 438 1497 -
451 1450 532 1511 Αὐτοί
554 1448 679 1527 μάλιστα]
698 1449 812 1525 μάλιστα
833 1453 885 1507 τῶν
925 1451 971 1504 ὀὐ
985 1446 1130 1523 νοσήματος
1142 1445 1411 1528 ίατρείας.·-Ὥςπερ
1423 1447 1456 1508 τδ
1471 1453 1603 1533 πρόόατα]
1622 1454 1708 1514 ὅτιτά

111 1544 148 1621 μὴ
165 1541 328 1623 προςιόντων.
343 1574 383 1584 -
396 1535 553 1618 Ἀνθρωπεία
577 1533 667 1615 τέχνη]
686 1526 737 1594 οἷον
757 1533 882 1611 μαντικὴ,
925 1531 1047 1612 πρόάατα
1067 1532 1250 1611 μεταληπτικδι
1268 1533 1314 1593 καί
1333 1535 1492 1610 μκταδοτικδι
1509 1543 1556 1610 τῆς
1575 1540 1659 1602 νόσου,
1672 1581 1703 1594 .-

110 1630 207 1712 ἐπῳδιή.
226 1663 267 1674 -
283 1630 384 1698 Αὐτῶν]
409 1628 461 1684 τῶν
481 1622 555 1682 θείων
578 1622 624 1682 καί
651 1620 825 1702 ἀνθρωπίνων.
845 1656 887 1669 -
926 1619 1022 1691 Τοῦτο]
1041 1619 1217 1698 ήάπόγνωσις
1232 1621 1358 1692 δηλονότι.
1374 1654 1406 1664 -
1421 1640 1443 1679 ο.
1457 1621 1585 1704 Ἔρημοι]
1601 1634 1646 1687 τῶ
1661 1633 1702 1688 θη.

110 1718 282 1789 Ἀπίστησαν]
297 1713 511 1795 κατεφρόνησαν.Ι
927 1705 1106 1785 ραπεύσοντος.
1123 1743 1154 1753 -
1171 1707 1285 1788 Ἀρετῆς]
1310 1709 1503 1790 φιλανθρωπίας
1520 1713 1565 1772 καί
1587 1715 1699 1792 ἀγάπης,
1718 1724 1742 1762 ιι

71 1833 96 1872 ιε
149 1806 278 1867 XLVIII.
300 1801 358 1873 Τὴν
383 1797 509 1880 βασιλέως
529 1800 588 1876 γῆν]
603 1794 652 1869 τήν
664 1794 791 1878 Περσίδα.
803 1831 845 1843 -
861 1816 883 1857 ε.
924 1828 957 1841 -
966 1791 1021 1860 Τάς
1035 1792 1193 1875 ὀλοφύρσεις]
1206 1792 1290 1852 λείπει
1303 1799 1320 1865 ἡ
1334 1793 1406 1875 πρός·
1420 1794 1453 1852 ίν·
1466 1788 1493 1877 ᾖ,
1507 1799 1571 1881 πρὸς
1585 1800 1631 1870 τὰς
1644 1805 1703 1863 ὅλη.

109 1894 172 1954 Ὗπ’
199 1896 294 1964 αὐτῶν]
321 1893 373 1947 τῶν
395 1885 534 1959 Ἀθηναίων
564 1884 881 1967 δηλονότι-Ἆφίκετο]
925 1880 1029 1963 φύρσεις
1040 1881 1085 1941 καί
1104 1881 1161 1949 τούς
1173 1881 1286 1963 θρήνους.
1299 1903 1362 1943 -ο.
1379 1885 1414 1941 Οἱ
1430 1886 1640 1970 διαπεφευγότες]
1659 1891 1703 1950 τδν

108 1981 138 2041 τδ
156 1981 234 2041 δεινδν
249 1977 376 2053 δηλονότι.
387 2009 428 2023 -
438 1973 586 2047 Ἔθνῃσκον
605 1975 695 2052 πολλῷ
708 1973 817 2056 μδίλλον]
828 1971 881 2053 ὅσῳ
925 1966 1042 2027 θάνατον.
1060 2003 1091 2015 -
1107 1968 1161 2029 Τδν
1183 1965 1352 2047 πονούμενον]
1371 1965 1419 2039 τὴν
1444 1973 1588 2036 ἀσθένειαν.
1610 2014 1642 2028 -
1657 1981 1703 2059 Τῷ

108 2060 140 2141 ὴν
151 2067 354 2147 πολυάνθρωπος
373 2068 390 2135 ἡ
407 2062 462 2121 ἀνω
473 2060 557 2128 πόλις.
570 2060 721 2119 -Πολλῶ
736 2061 846 2136 μᾶλλον]
866 2058 896 2131 ἣ
924 2061 1089 2136 παραχρῆμα
1108 2057 1308 2136 περιχαρεῆιῇ
1334 2053 1463 2138 ἀνασπάσῃ
1489 2064 1655 2146 περιχαρεῖς,
1672 2097 1703 2110 -

108 2155 177 2214 κατδι
191 2155 235 2213 τὸν
252 2157 374 2233 Πειραιᾶ.
390 2184 430 2195 -
442 2168 464 2209 ο.
480 2147 535 2230 Ἀφ’
555 2146 625 2218 όταν]
640 2146 684 2226 ἀφ’
707 2168 725 2216 ,ς
739 2145 832 2213 αίτίαι.
845 2181 885 2191 -
925 2142 1040 2223 Κούφηι]
1054 2148 1101 2217 τῆς
1115 2142 1284 2224 κῠνφῑζῠῦθης
1295 2141 1386 2208 αὐτοὺς
1402 2144 1454 2202 ἀπὸ
1470 2151 1515 2219 τῆς
1528 2150 1621 2221 λύπης.
1716 2154 1743 2194 2⁰

67 2265 96 2306 εο
110 2247 291 2313 Μεταστῆσαι]
309 2238 475 2318 μεταάαλεῖν.
492 2270 533 2281 -
544 2236 635 2314 Σχεῒν]
649 2232 749 2293 λαθεῖν.
762 2268 803 2279 -
813 2237 885 2315 Προ-
963 2231 1022 2291 LII.
1044 2229 1153 2302 Αὐτούς]
1163 2228 1222 2297 τούς
1235 2230 1392 2304 Ἀθηναίους.
1403 2267 1435 2280 -
1445 2254 1465 2292 ε.
1481 2233 1556 2316 ’Ὦρφι
1569 2235 1654 2309 ίτους]
1665 2241 1703 2319 τῷ

102 2334 190 2403 πεδιάς]
204 2326 354 2406 προμαθών.
923 2315 991 2396 θίρει
1001 2316 1081 2394 λίγει.
1097 2351 1128 2363 -
1140 2335 1163 2377 ε.
1178 2316 1287 2392 Ὁσίων]
1302 2319 1379 2380 ὁσίων
1391 2320 1542 2403 οὐδετέρως,
1556 2327 1644 2386 όσιῶν.
1658 2330 1703 2397 θη-

146 2419 247 2480 ΧΒΙΧ.
285 2413 449 2493 ίΙριίκαμνε]
477 2408 637 2491 προηαθίνει.
663 2443 704 2454 -
734 2406 882 2488 Ἀπεκρίθη]
923 2405 1016 2471 λυκιῒις.
1028 2406 1110 2483 [Hom.
1126 2414 1221 2477 0d.11,
1234 2423 1275 2465 ιεο
1289 2407 1309 2484 ε]

106 2505 245 2588 ἐχωρίσθη.
262 2536 303 2549 -
320 2520 343 2561 ε.
355 2500 412 2559 Ἀπ’
428 2500 550 2575 οὐδεμιᾶς
562 2494 723 2577 προφάσεως]
738 2493 884 2576 ἅπρνφασί-
923 2551 948 2591 ο
984 2509 1098 2572 οοχοσιη
1109 2509 1273 2575 πωροπου
1284 2511 1412 2571 mmmm.

106 2617 181 2660 στως.
195 2625 233 2637 -
245 2587 288 2650 Τά
306 2585 385 2659 Mt]
400 2591 447 2645 τοῦ
463 2583 590 2661 στὸματος
608 2581 734 2655 δηλονότῑ·
748 2616 789 2628 -·
800 2601 822 2641 δ·
837 2581 884 2650 ’EI
924 2623 961 2632 —
971 2599 999 2649 4.
1008 2588 1119 2661 Πάντας]
1139 2593 1202 2648 θεῖοι
1214 2588 1260 2649 καί
1277 2591 1439 2672 ἀνθρώπινοι.
1451 2623 1483 2638 -·
1497 2593 1702 2675 Ἀναισχύντους]
1717 2601 1743 2639 ²⁶

66 2704 94 2743 αι
107 2683 202 2752 αὐτῶν]
229 2680 280 2735 τῶν
305 2674 506 2751 σιμπτωμιίτοεν
535 2663 571 2730 διν
594 2661 674 2730 εἶπεν.
691 2704 732 2716 -·
752 2669 882 2751 Βράγχος]
924 2674 1083 2753 σημείωσαι·
1123 2676 1275 2759 ἀλλοτρίας,
1311 2677 1389 2746 ξίνας.
1411 2713 1442 2725 -
1466 2679 1533 2748 Τοθς
1565 2681 1702 2758 κνίσαντες]

108 2767 221 2848 IIII&
240 2761 344 2841 νόσημά
367 2784 394 2821 ²¹
405 2758 519 2840 πίθων
539 2759 659 2839 βρόγχον,
679 2755 755 2824 ὃτθς
767 2761 813 2822 σῦς
829 2756 883 2833 μα’-
922 2762 1702 2850 τούςίπεξυνάξανταςκαίἑτοιμάσανταςτδιτῆςπυράςξύλα.

105 2857 183 2914 λιστα
203 2848 351 2933 διαφθείρει.
364 2879 395 2891 -
414 2844 449 2906 ‘0
462 2845 548 2916 πόνος]
562 2843 639 2903 πίνω
652 2843 722 2923 III&
734 2843 783 2915 τύν
795 2845 825 2901 ἔκ
837 2848 882 2901 τνῧ
962 2852 1040 2910 LIII.
1060 2841 1152 2930 Ἦρξε]
1171 2849 1242 2930 ἀρχὴ
1262 2851 1360 2929 γίγονε.
1376 2852 1482 2913 -Ἐπί
1503 2853 1592 2927 πλέον]
1609 2856 1700 2917 διειδο-

105 2940 252 3018 νοσήματος
273 2933 462 3016 ταλαιπωρίαν.
481 2964 516 2974 -
532 2930 659 3010 Καρδίαν]
674 2929 713 2989 ότι
733 2929 841 3010 καρδίαν
858 2933 883 2989 οί
923 2935 1100 3016 λὴνάμφαίνει
1110 2939 1162 2995 τῶν
1178 2936 1318 3009 Ἀθηναίων
1331 2939 1362 2998 τδ
1375 2939 1420 2998 ίπί
1430 2939 1510 2999 πλίον
1528 2941 1655 3019 κείμενον.
1670 2984 1702 2997 ..

106 3033 211 3110 ἀρχαῖοι
224 3025 268 3084 τδν
280 3021 413 3101 στομαχόν
423 3041 504 3102 φασι,
517 3017 562 3078 καί
573 3017 738 3099 καρδιωγμὸν
751 3016 795 3075 τθν
805 3017 883 3076 πόνον
924 3021 1117 3102 Ἀγχίστροφον]
1141 3031 1260 3102 ταχεῖαν,
1282 3024 1377 3097 ὀξεῖαν,
1397 3026 1547 3108 δγγυτίραν.
1568 3063 1601 3077 -
1616 3027 1701 3090 Οὐδδν
1716 3034 1742 3071 ²³⁰

66 3137 93 3177 σο
106 3122 153 3174 τοῦ
167 3112 311 3192 στομάχου.
326 3138 360 3152 -
372 3108 427 3170 Καί
443 3105 643 3186 ἀποκαθάρσεις]
657 3103 819 3185 ἀποκρίσεις,
836 3127 882 3163 κε-
922 3106 1046 3188 πρότερον
1060 3107 1237 3185 κεκτημίνων]
1247 3114 1300 3169 τῶν
1310 3111 1474 3182 πενήτων-
1484 3133 1507 3174 ε.
1523 3112 1579 3182 Τάις
1592 3117 1703 3199 ἐπαυρί-

105 3201 205 3269 νώσεις.
220 3232 255 3242 -
269 3195 346 3258 Μετδι
362 3192 542 3274 ταλαιπωρίας
561 3192 687 3271 μεγάλης]
704 3196 749 3263 τῆς
767 3193 883 3258 δυςεντε-
923 3201 986 3266 σεις]
1004 3192 1052 3261 τάς
1074 3192 1230 3263 ἀπολαύσεις
1252 3196 1297 3255 καί
1317 3199 1485 3269 ἡδυπαθείας.
1500 3229 1532 3241 ·-
1546 3219 1568 3261 ε.
1584 3204 1703 3283 Προςτα-

107 3290 162 3372 ρίας
176 3285 300 3361 δηλονότι.
311 3320 352 3332 -
364 3303 387 3344 ι.
399 3282 482 3354 Κενή]
497 3279 552 3340 ίστι
566 3279 617 3359 γάρ
630 3278 675 3338 καί
688 3277 752 3357 λύγξ
767 3278 883 3359 πλήρης,
922 3283 1063 3363 λαιπωρεῐν
1075 3283 1113 3362 τῷ
1127 3280 1228 3350 δοῖαντι
1238 3286 1323 3365 καλῷ]
1337 3285 1455 3345 τουτέστι
1469 3291 1502 3366 τῇ
1521 3290 1614 3370 ἀρετῇ·
1635 3288 1701 3362 αὐτ-η

105 3380 140 3443 ὡς
152 3374 198 3435 καί
211 3371 387 3453 Ἱπποκράτης
402 3377 500 3443 [ΑρΙιοτ.
515 3388 543 3440 ε,
553 3366 607 3439 ἀνί]
621 3365 746 3426 διδάσκει.
759 3366 883 3427 -Μετά
922 3367 972 3449 γὰρ
985 3368 1051 3446 μετά
1067 3369 1247 3450 ταλαιπωρίας
1258 3371 1381 3449 γίγνεται.
1396 3412 1428 3425 -
1442 3373 1528 3458 ᾜδει]
1540 3399 1557 3446 η
1572 3375 1699 3458 γραπτίον

105 3463 201 3542 ταῦτα]
218 3461 322 3521 αὐτίκα.
334 3493 375 3504 -
388 3456 566 3537 Αωφήσαντα]
583 3454 627 3513 τδν
643 3453 765 3530 σπασμὸν
780 3454 882 3514 παυσά·
921 3457 1000 3529 ἐστίν,
1025 3455 1205 3538 Ἀττικάιτερον
1225 3459 1296 3517 τουτί
1318 3459 1379 3521 νόει.
1398 3495 1429 3506 -
1450 3461 1608 3541 Κερδαλίον]
1628 3465 1698 3524 ἀποι-
1715 3464 1740 3503 ³⁶

65 3569 92 3609 σο
106 3575 190 3630 μενον.
203 3583 244 3596 -
255 3569 277 3609 ιι.
291 3545 428 3623 Πιλιδνόν]
439 3542 557 3603 πελιδνόν
569 3544 623 3601 ἐστι
634 3541 665 3600 τδ
674 3540 783 3620 μετέχον
795 3541 881 3622 εὐχρό-
923 3543 1006 3625 φελίς.
1016 3579 1047 3588 -
1057 3563 1080 3604 ι.
1096 3544 1252 3624 Ἀνθράιποιν
1276 3545 1363 3623 νόμος]
1378 3549 1528 3628 ἀνθρωπίνη
1540 3549 1654 3628 εὐνομία.
1670 3579 1700 3594 —

105 3660 181 3708 τητος
196 3636 241 3695 καί
255 3633 395 3713 μελανίας,
410 3630 486 3690 οἱονεὶ
505 3626 669 3708 μολιδοιιδίς.
687 3662 727 3673 -
745 3630 881 3689 Φλυκταί-
922 3632 962 3691 Τδ
973 3630 1030 3709 μίν]
1053 3631 1083 3690 τδ
1106 3637 1173 3690 θεῖον
1198 3632 1325 3703 δηλονότι.
1344 3672 1376 3684 -
1399 3635 1535 3715 Ιίρίνοντες
1556 3638 1583 3694 ἀν
1605 3637 1698 3718 δμοίφ]

104 3731 204 3796 ναις...]
215 3721 371 3800 σημείωσαι,
383 3717 495 3799 ἡρωῑκδς
505 3716 601 3795 στίχος.
611 3714 736 3777 -Τάιδδ
747 3715 826 3789 ἐντός]
836 3722 882 3776 τοῦ
922 3709 989 3776 εἶναι
1004 3717 1134 3789 δηλονότι.
1147 3746 1174 3754 -
1188 3717 1244 3789 Τὴν
1255 3719 1307 3791 ήδη
1320 3721 1561 3802 κατεψηφισμένην]
1576 3723 1629 3783 ἀπὸ
1646 3747 1701 3784 χης.

105 3811 226 3888 σώματος
237 3808 365 3880 δηλονότι.
378 3803 528 3882 -Γυμνδν
543 3802 690 3882 ἀνέχεσθαι]
702 3802 882 3883 τδάνέχεσθαι
921 3811 965 3865 νοῦ
978 3804 1008 3864 τὸ
1018 3805 1102 3877 δίκην.
1117 3803 1189 3884 λέγει
1202 3804 1230 3864 δδ
1242 3805 1290 3879 τὴν
1304 3806 1386 3866 νόσον.
1405 3808 1457 3868 ἀπὸ
1470 3815 1555 3869 κοινού
1572 3811 1659 3870 δίκα]
1671 3810 1702 3871 τδ

104 3899 150 3957 καί
169 3897 233 3976 πρδς
255 3893 400 3968 αίτιατικὴν
420 3891 533 3969 λίγεταε.
554 3925 595 3936 —-
609 3888 725 3950 Ἥδιστά
745 3913 773 3972 τε
799 3889 840 3964 άν]
863 3896 880 3963 ἡ
921 3891 1040 3961 ἐλπίζων.
1714 3900 1741 3939 ιο

64 4008 92 4050 ιη
105 3984 223 4053 σύνταξις
241 3982 332 4054 οὕτως,
351 3979 446 4052 ἥδιστά
466 4001 496 4037 τε
511 3976 543 4037 ἀν
562 3979 588 4044 ἀς
609 3975 678 4057 ύδωρ
696 3977 795 4058 ψνχρδν
816 3988 881 4058 σφᾶς
960 3982 1034 4041 LIV.
1056 3977 1218 4051 Ἐπιίζοντο]
1229 3977 1351 4060 Ὅμηρος
1365 3988 1404 4053 [11.
1421 3994 1453 4054 Α,
1466 3989 1516 4053 01]-

104 4071 197 4139 αὐτοὺς
212 4070 319 4153 ῥίπτειν,
332 4072 365 4148 τῇ
378 4066 443 4148 δίψη
460 4063 589 4144 ἀπαύστῳ
606 4062 791 4143 συνεχόμενοι,
811 4065 880 4136 ήνεί·
952 4077 980 4125 E!
989 4075 1194 4138 δὴθμοῦπόλεμδς
1202 4092 1229 4124 τε
1237 4077 1300 4141 δαμᾷ
1309 4078 1350 4125 καὶ
1359 4078 1437 4140 λοιμὸς
1444 4076 1554 4140 Ἀχαιούς.

103 4180 191 4239 χοντο.
207 4157 261 4216 ἀπὸ
280 4160 365 4214 κοινοῦ
384 4152 435 4234 γάρ
449 4155 504 4212 ἐστι
517 4151 547 4210 τδ
559 4151 709 4230 ἠνείχοντο,
726 4148 759 4210 τά
773 4151 800 4210 δὲ
814 4152 881 4210 ἀλλα
921 4183 951 4192 -
965 4173 987 4213 ε.
1005 4155 1061 4212 Τοῦ
1076 4151 1162 4224 ἔπους]
1177 4154 1207 4212 ἐκ
1223 4153 1405 4234 πυθοχρήστου
1422 4153 1519 4232 στίχος.
1534 4180 1565 4190 -·
1576 4157 1701 4215 Φασκον-

105 4243 212 4323 μεταξύ.
231 4279 271 4290 -
289 4244 336 4303 Ἐν
356 4245 394 4323 τῷ
412 4239 495 4320 όμοίῳ
514 4243 620 4299 καθεστ.
639 4237 670 4297 τό
692 4261 720 4297 τε
741 4237 820 4298 πλέον
836 4240 881 4298 καὶ
921 4247 973 4312 τες]
989 4239 1137 4317 σημείωσαι
1157 4238 1205 4311 τὴν
1227 4238 1355 4308 σύνταξιν.
1370 4274 1401 4285 -
1416 4261 1438 4301 ιι.
1457 4239 1497 4300 ‘¹0
1515 4263 1541 4298 τι
1562 4239 1632 4309 ἀξιον
1653 4241 1700 4301 καὶ

105 4331 214 4391 ἔλασσον
228 4332 301 4410 ποτ.]
315 4327 361 4390 καί
374 4327 425 4409 γάρ
438 4327 542 4386 δπίνων
557 4324 642 4402 ὀλίγον
653 4324 699 4384 καί
713 4329 727 4384 δ
740 4324 806 4386 πολὺ
818 4327 882 4387 ἀπί-
923 4329 1014 4400 εἰπεῖν]
1027 4327 1106 4405 ήγουν
1121 4324 1190 4393 ἀξιον
1205 4325 1358 4404 διηγήσεως.
1368 4363 1400 4375 -
1411 4325 1599 4402 Ἐπενιίματο]
1618 4327 1698 4386 κατί-
1713 4330 1739 4369 ⁴⁵

65 4443 91 4483 ιι
105 4425 224 4490 θνηακον.
237 4455 277 4464 -
291 4440 312 4479 ο.
327 4417 361 4477 ‘II
374 4414 482 4496 ἀπορία]
497 4418 514 4486 ἡ
532 4412 671 4490 ἀδυναμία.
686 4448 727 4459 -
740 4415 799 4474 Οὐκ
814 4418 881 4492 ίμα-
922 4436 998 4494 φαγε.
1085 4444 1089 4452 -
1782 4482 1786 4490 .

105 4507 216 4586 φαίνετο]
232 4508 281 4586 οὐχ
294 4505 435 4564 ὑπέπιπτε.
450 4536 490 4548 -
503 4499 583 4581 Παρδι
602 4499 687 4569 δόξαν.
699 4499 762 4580 παρ’
776 4501 880 4564 ἐλπίδα.
962 4500 1023 4561 LV.
1043 4497 1100 4570 Τὴν
1107 4497 1235 4579 πάραλον]
1242 4497 1289 4571 τὴν
1296 4498 1519 4581 παραθαλάσσιον.
1533 4498 1698 4580 -Αοιυρίου]

104 4628 144 4639 -
161 4593 287 4673 Ἐχοντίς
301 4616 326 4651 τι
347 4589 489 4667 δυνάμεως]
511 4587 620 4669 μερικὴν
639 4587 756 4666 δύναμιν.
772 4623 813 4634 —-
826 4592 881 4650 Τοῦ
924 4587 1037 4668 Ααύριον
1050 4587 1107 4668 ὄρος
1121 4589 1148 4645 ίν
1161 4591 1194 4667 τῇ
1209 4587 1326 4666 Ἀττικῇ,
1344 4577 1373 4644 οδ
1388 4586 1506 4662 μίταλλα
1521 4587 1655 4667 ἀργύρεια.
1666 4625 1698 4638 -

103 4681 261 4758 νοσήματος]
279 4684 325 4751 τῆς
342 4678 507 4759 δυςεντερίας.
519 4711 561 4722 -·
570 4696 592 4736 7.
608 4674 660 4736 Ἐκ
674 4679 726 4733 τῶν
743 4676 881 4754 μεγίστων]
923 4695 946 4735 ε.
961 4673 1112 4754 Στρατηγδς
1125 4672 1161 4733 ὢν
1178 4673 1223 4732 καί
1236 4673 1304 4745 τότε]
1317 4671 1382 4740 τινὲς
1392 4675 1427 4741 είς
1439 4672 1470 4732 τθ
1483 4672 1528 4747 ὤν,
1542 4675 1607 4740 τινάς
1621 4677 1656 4742 τίς
1668 4675 1698 4734 τὸ

105 4772 135 4828 lx
156 4767 311 4850 παραδόξου·
335 4766 420 4825 λείπει
445 4764 472 4823 δί
499 4762 631 4823 κινδύνοιν.
660 4798 699 4807 -
726 4762 881 4846 Ἀντιληψις]
923 4761 969 4822 καί
979 4761 1038 4821 τότε
1054 4761 1351 4842 στίζουσι-Γνώμην]
1366 4760 1526 4843 προαίρεσιν.
1711 4772 1738 4810 δθ

66 4876 91 4915 ια
105 4856 252 4939 ίπίσκηψις.
261 4889 301 4901 -
312 4876 333 4913 ο.
355 4851 509 4933 Διίφευγον]
524 4850 568 4909 τδν
590 4849 698 4908 θάνατον
712 4850 839 4922 δηλονότι.
853 4889 884 4898 -
964 4851 1037 4911 LVl.
1058 4852 1162 4921 Αὐτῶν]
1178 4853 1229 4907 τῶν
1244 4847 1467 4925 Λακεδαιμονίων.
1484 4888 1510 4895 -
1523 4847 1697 4926 Παρεσκευά-

106 4943 283 5013 Ἀναστάντες]
297 4940 455 5019 ὑγιάναντες.
925 4942 992 5009 ζετο]
1010 4937 1146 5014 ἡτοίμαζε.
1159 4972 1189 4981 -
1203 4956 1225 4996 ι.
1242 4935 1431 5016 Προεχώρησε]
1445 4925 1522 5007 ήλθον
1539 4937 1574 5001 είς
1587 4933 1617 4994 τὸ
1628 4936 1695 4993 ἑλεῖν

172 816 265 877 κυανέη,
275 816 303 865 τδ
313 815 354 879 μίν
369 814 462 863 οὔποτε·

146 5032 179 5090 L.
209 5031 255 5090 Ἐν
279 5030 355 5108 τῷδε]
383 5029 421 5107 τῷ
448 5022 616 5104 ῥηθησομίνιρ
643 5023 770 5093 δηλονότι.
790 5056 822 5068 -
842 5025 884 5086 Οὐ
924 5024 973 5097 τὴν
986 5024 1112 5085 πόλιν-
1125 5045 1147 5084 ο.
1164 5024 1374 5102 Ἀναγαγόμενοι]
1390 5022 1553 5103 ἀναχθέντες.
1566 5043 1628 5083 -ο,
1641 5026 1697 5094 Τῆς

105 5116 221 5196 προςήει]
246 5116 336 5197 ὥσπερ
349 5113 402 5174 ἀπὸ
416 5117 449 5173 t?
596 5134 626 5152 ιν
649 5110 825 5190 γιγνώσκοντα
844 5111 884 5170 δτι
924 5136 951 5171 τε
965 5117 1012 5190 γῆς
1028 5110 1130 5189 ίτεμον]
1145 5109 1222 5191 μίρος
1237 5133 1263 5168 τι
1275 5108 1370 5170 λείπει.
1649 5140 1659 5154 ·

1612 5213 1647 5251 2³.
