3676 5828
192 344 229 394 ιε
813 333 986 396 scfloLIA.
1000 338 1025 415 1,
1041 346 1167 400 ιιι-4ο.

188 461 713 547 θανομύιων·τδδάθαρσοῦνκαίεύελπι,
725 463 755 523 τδ
769 463 967 546 μήήμθςπροςῂ
1009 469 1127 548 φιλικῶς.
1145 502 1186 515 -·
1204 488 1226 530 ε.
1251 471 1311 531 Κάν
1328 469 1413 554 τούτῳ
1431 471 1462 532 τδ
1484 473 1657 556 εὐπρεπές...]
1678 477 1711 537 τδ
1726 477 1783 552 ίξῆς

190 552 329 632 δέξασθαι,
344 551 449 620 ἀσθενὲς
463 552 500 613 όν.
515 552 580 634 πρδς
592 551 644 634 γὰρ
656 551 715 621 τοθς
730 552 967 632 Λακεδαιμονίους,
1008 557 1058 614 κάν
1071 555 1155 639 τούτῳ
1176 556 1207 617 τδ
1221 558 1348 618 ἀσπονδον
1366 560 1493 641 εὐπρεπὲς
1514 562 1726 643 προάέόληνται·
1748 568 1792 628 χρ]

187 640 248 710 τοὺς
265 641 371 722 ἐχθρούς
395 645 468 719 ὑμῶν
487 640 533 700 καί
551 640 702 720 ἰσχύοντας,
720 647 799 701 τοῦτο
817 641 967 723 ἀδεέστερον
1008 640 1042 701 τθ
1058 642 1124 716 ἑξῆς.
1144 679 1185 690 -
1203 644 1421 726 Προόέόληνται]
1433 648 1477 706 ἐπὶ
1490 652 1733 730 παρακαταθήκης.
1753 690 1792 702 -

189 730 274 791 ἔσται.
289 733 313 790 οἰ
327 729 378 810 γθρ
393 731 538 802 Ἀθηναῖοι,
551 726 615 812 [μή]
630 729 740 797 δεδιότες
752 730 800 802 τήν
822 733 874 788 τῶν
888 753 969 790 σπον-
1010 729 1240 812 Ἄναιαχυπῶσιν]
1256 732 1408 815 ἀρνούμενοι
1428 736 1562 811 δηλονότι,
1578 737 1619 816 μή
1640 748 1793 802 κοινωνῶ-

162 841 176 880 ο
190 821 241 878 δῶν
255 817 339 890 λύσιν,
354 821 401 878 οθκ
415 817 446 878 ἀν
458 817 576 889 δηλονότι
591 816 708 886 ἀδεξαντο
721 817 780 886 τοὺς
795 817 970 900 Κερκυραίους
1008 839 1051 885 τος
1066 819 1153 886 αὐτοῖς
1169 818 1236 887 τινδς
1250 821 1285 887 εἰς
1298 819 1346 892 τήν
1361 825 1413 879 τῶν
1427 822 1550 905 λαφύρων
1563 827 1709 905 διανομήν.
1720 864 1761 875 -
1771 853 1814 892 ιε

189 907 234 968 καί
248 906 296 979 τήν
315 907 368 966 ἀπδ
382 909 468 966 αὐτῶν
487 906 605 983 δύναμιν.
624 904 670 965 καὶ
690 907 768 978 δῆλον
783 905 823 966 ὅτι
845 906 875 965 τδ
889 905 970 973 δεδιδς
1010 904 1211 988 Ἀληπτότεροε]
1228 907 1488 992 ἀκατηγορητότεροι.
1511 915 1529 990 §
1549 917 1573 973 οἱ
1592 913 1647 998 γὰρ
1666 917 1793 978 ,Mum

189 1000 267 1055 τοῦτο
279 992 355 1074 ἰσχύν
363 992 437 1076 ἔφερε
448 1002 501 1062 τοῖς
514 991 656 1064 Ἀθηναίοις
667 992 719 1052 ἀπδ
725 998 777 1053 τῶν
789 993 970 1074 Κερκυραίων,
1010 991 1084 1074 φόὸῳ
1091 996 1142 1051 τῶν
1151 992 1233 1061 πέλας
1242 995 1392 1054 κολακεύειν
1400 999 1593 1075 ἀναγκάζονται
1602 1002 1664 1071 τοὺς
1674 1005 1795 1065 ἀδικοῦν·

190 1080 270 1164 φόάον
290 1081 317 1140 δὲ
343 1083 396 1149 τοῖς
418 1079 643 1157 Λακεδαιμονίοις.
667 1081 844 1163 θαρσήσαντες
862 1081 890 1140 δί
912 1088 970 1147 ταῖς
1009 1102 1067 1147 τας.
1083 1079 1193 1151 -Τήν
1207 1082 1314 1162 ἀρετήν]
1323 1084 1424 1164 φιλίαν,
1437 1084 1559 1164 δύναμιν,
1568 1093 1744 1171 συμμαχίαν,
1758 1131 1789 1141 ..

191 1169 328 1240 σπονδαῖς,
350 1167 397 1227 καί
415 1167 585 1246 ἀπωσάμενοι
604 1167 663 1235 τούς
682 1169 853 1250 Κερκυραίοις
867 1167 971 1234 ἀσθενές
1010 1169 1116 1228 Διδοῦσι
1136 1170 1182 1229 καί
1205 1170 1365 1249 δεχομένοις]
1386 1172 1416 1231 τδ
1440 1172 1507 1248 ἑξῆς,
1528 1179 1720 1260 φανερωτέραν
1733 1181 1792 1253 ἐξῆν

153 1274 178 1313 ιο
190 1246 224 1329 ήν
236 1253 267 1313 τδ
276 1252 371 1334 θύρσος
381 1257 472 1331 τοῦτο,
483 1254 663 1334 ζημιουμένοις
674 1255 722 1328 τήν
733 1257 764 1315 lx
774 1260 821 1327 τῆς
834 1253 971 1335 Κερκύρας
1011 1257 1097 1323 αὐτοῖς
1110 1255 1158 1328 τήν
1172 1256 1268 1338 ἀρετήν
1279 1258 1410 1319 δεικνύναι
1423 1261 1523 1321 διδοῦσι
1537 1264 1583 1322 καί
1595 1266 1751 1347 δεχομένοις
1762 1266 1792 1328 τθ
1803 1283 1824 1325 ιε

193 1341 327 1422 βοήθειαν.
351 1342 405 1407 τοῖς
427 1338 455 1401 δί
478 1342 612 1421 πολεμίοις
637 1346 724 1403 αὐτῶν
752 1341 972 1414 Πελοποννησίοις
1010 1340 1108 1402 δίκαια.

62 1487 66 1494 ,
191 1427 307 1511 ἀσφαλές
324 1428 370 1487 καί
384 1427 543 1511 ἀδεέστερον.
560 1465 602 1475 -
620 1428 709 1491 Ὅταν
722 1429 806 1497 ἰςτδν
823 1429 971 1508 μέλλοντα]
1050 1432 1213 1493 XXXVIII.
1235 1433 1396 1515 Διαπαντός]
1412 1433 1443 1494 τδ
1462 1437 1619 1514 δεαπανεδς,
1638 1440 1685 1501 ἰνα
1707 1442 1745 1521 μή
1759 1467 1793 1512 τις

190 1516 222 1576 τδ
234 1516 305 1591 έξῆς,
317 1515 380 1575 όταν
396 1515 513 1594 ἐνδοιάζη
525 1515 571 1576 καί
585 1517 694 1597 διστάζη
707 1517 803 1598 χωρίον
816 1513 970 1597 προςλαθεῖν
1012 1515 1125 1577 εἰποιδτι
1133 1525 1188 1593 νῦν,
1195 1520 1367 1592 ἀδικηθέντες.
1377 1522 1665 1608 -Ἔκπεμφθείηραν]
1672 1533 1793 1612 &qm

192 1608 228 1673 εἰς
240 1603 284 1664 τὸν
298 1602 391 1683 σχεδθν
409 1602 539 1681 μέλλοντα
553 1603 681 1683 πόλεμον,
695 1604 726 1664 τδ
740 1603 834 1664 αύτίκα
848 1624 971 1685 περισκο·
1011 1604 1792 1702 δηλονότι.-4.Διαφερόντως]ἐξαιρέτως.-ε.Εἰμὶημρ

153 1732 179 1772 1⁶
191 1696 260 1770 πῶν,
279 1690 399 1750 τουτέστι
416 1687 465 1761 τήν
479 1690 677 1772 ἀνυπάρχουσαν
693 1691 807 1773 εἰρήνην.
822 1725 862 1736 -
874 1693 970 1750 Ὀσον-
1010 1690 1132 1769 τάνομεν]
1155 1696 1178 1752 εἰ
1195 1693 1250 1775 γάρ
1268 1694 1306 1772 μή
1328 1697 1488 1774 ἠδικούμεθα
1509 1707 1673 1782 περιφανῶς,
1695 1709 1742 1766 οὐκ
1764 1708 1821 1769 ἦνιν

192 1775 235 1863 ού]
254 1779 311 1838 ἀντὶ
327 1784 388 1851 τοῦ,
402 1781 451 1859 οὐχ
465 1778 536 1840 ὅσον.
556 1780 602 1839 καί
623 1781 698 1852 δηλοῖ
714 1780 745 1839 τδ
759 1783 808 1860 ούχ
821 1777 880 1838 ὅσον
898 1776 928 1836 τθ
942 1779 970 1836 οὗ
1010 1779 1147 1858 προδήλως
1169 1781 1367 1862 ἒστρατεύομεν.
1392 1782 1463 1862 ὅμως
1488 1788 1511 1844 εἰ
1530 1787 1576 1846 καῖ
1593 1792 1793 1872 ήμαρςάνομν,

193 1867 324 1950 βραδέως,
349 1867 418 1925 ἀλλά
435 1867 513 1946 ταχύ.
527 1902 569 1912 -
583 1867 702 1948 Καιρῶν]
715 1871 814 1947 καιρῶν
827 1872 882 1937 νῦν,
896 1865 969 1922 εθτυ·
1011 1867 1145 1927 ἀπαινετδν
1155 1861 1187 1941 ήν
1202 1872 1320 1929 ἐνδοῦναι
1330 1876 1393 1949 ἡμῖν
1407 1873 1587 1952 ὀργιζομένοις.
1599 1911 1644 1926 -
1655 1879 1753 1963 Ὀργῇ]
1762 1888 1793 1952 ὡς

191 1960 257 2039 χιῶν
277 1955 323 2015 καί
341 1957 467 2034 ἀτυχιῶν·
488 1953 506 2026 ἢ
521 1957 621 2033 μᾶλλον
635 1958 733 2037 καιρῶν
753 1953 824 2033 λέγει
846 1952 904 2011 ἀντὶ
922 1955 968 2009 τοῦ
1010 1960 1134 2034 πατρικῇ,
1150 1991 1190 2002 -
1204 1958 1382 2040 Μετριότητα]
1394 1960 1568 2036 ἀνεξικακίαν,
1581 1949 1738 2029 ἐπιείκειανί

192 2047 313 2124 ἀναγκῶν
327 2043 373 2104 καί
388 2042 523 2104 κινδύνων.
538 2078 580 2089 -
592 2064 614 2104 ε.
629 2043 795 2124 Βραχυτάτῳ
809 2042 831 2101 δ’
842 2040 874 2100 ἀν
889 2063 970 2122 κεφα-
1050 2045 1183 2105 XXXIX.
1199 2044 1344 2127 Πρότερον]
1353 2047 1404 2127 πρθ
1410 2054 1455 2106 τοῦ
1461 2048 1552 2109 λαόεῖν
1560 2053 1792 2138 αθτήν.-Ἥνγν

152 2173 179 2212 2⁰
191 2133 272 2215 λαίιρ]
294 2134 410 2191 ἐντεῦθεν
427 2134 451 2190 οἱ
465 2131 591 2211 ἰπίλογοι.
605 2165 646 2177 ·—
659 2134 722 2198 Τοῖς
741 2155 770 2190 τε
791 2128 908 2204 ξύμπασι
926 2128 971 2188 καί
1012 2130 1051 2201 οὐ]
1067 2131 1152 2189 λείπει
1166 2134 1215 2204 εἰς,
1229 2136 1266 2200 εἰς
1278 2131 1322 2204 ήν.
1333 2136 1411 2201 θνοῦς
1425 2133 1514 2202 ούτως·
1525 2139 1554 2195 οθ
1565 2139 1604 2197 δεῖ
1615 2140 1661 2200 τδν
1672 2144 1702 2201 ἐν
1714 2145 1820 2226 ἀσφωι

192 2223 250 2284 καθ’
265 2222 387 2302 ἕκαστον]
409 2220 494 2279 λείπει
515 2221 547 2280 τθ
571 2220 690 2299 λέγομεν·
714 2219 732 2292 ἢ
747 2217 837 2290 δοτική
856 2217 914 2277 ἀντί
929 2219 970 2275 εὖ·
1011 2218 1069 2298 λεία
1085 2218 1165 2297 ὄντα,
1179 2218 1224 2278 καί
1237 2220 1451 2300 προύαλλόμενον
1466 2223 1551 2296 δίκην,
1566 2227 1652 2286 δοκεῖν
1664 2231 1752 2308 λέγειν
1761 2256 1791 2292 τι.

192 2309 275 2383 θείας,
289 2307 322 2368 ἵν’
347 2301 383 2389 ᾖ,
406 2309 513 2386 μάθοιτε
534 2307 566 2367 ἀν
580 2307 607 2367 οἰ
624 2332 653 2367 τε
672 2306 822 2385 σύμπαντες
846 2305 891 2364 καί
912 2305 971 2364 καθ’
1012 2305 1138 2383 μετέθηκε
1151 2307 1194 2366 τδν
1212 2308 1304 2389 χρόνον
1318 2313 1332 2367 δ
1346 2309 1486 2389 Κορίνθιος.
1502 2312 1570 2389 μετά
1582 2313 1636 2395 γὰρ
1650 2317 1681 2376 τὸ
1696 2320 1792 2392 λαθεῖν,

192 2395 311 2456 ἀκαστον.
331 2430 371 2442 -
385 2393 432 2466 Μὴ
447 2393 584 2475 προέσθαι]
606 2394 644 2472 μή
658 2396 785 2476 προδῶτε.
800 2428 841 2439 -
852 2391 971 2472 Ἕξετε]
1011 2394 1089 2474 φησί,
1105 2395 1136 2454 τὸ
1153 2394 1259 2477 χωρίον,
1276 2396 1321 2455 καί
1339 2407 1491 2477 κατασχεῖν,
1504 2398 1590 2470 ἠξίουν
1607 2404 1792 2474 δικάζεσθαιαί

193 2483 326 2564 ἰσχύσετε.
1013 2485 1180 2563 Κερκυραῖοι.
1202 2483 1247 2541 καί
1261 2486 1291 2542 οὔ
1308 2485 1360 2556 δεῖ,
1383 2486 1461 2566 φησί,
1481 2487 1621 2567 προσέχειν
1643 2491 1689 2551 τὸν
1708 2497 1792 2556 ἐκτοῦ

152 2611 179 2650 21>
232 2566 380 2632 XXXVII.
402 2566 555 2646 Ἀναγκαῖον
588 2566 821 2650 Κερκυραίων...]
839 2568 868 2626 οῦ
894 2566 971 2644 μόνον
1012 2570 1144 2650 ἀσφαλοῦς
1159 2570 1204 2629 καί
1220 2573 1327 2652 ἰσχυροῦ
1343 2571 1553 2653 προκαλούμενον
1573 2578 1610 2644 εἰς
1622 2580 1720 2658 κρίσιν,
1737 2583 1820 2643 αθδίιε

192 2663 217 2719 οἰ
238 2661 397 2741 Κερκυραῖοι
425 2656 502 2735 λόγον
522 2656 679 2730 ἐποιήσαντο
700 2655 761 2734 περὶ
785 2660 831 2714 τοῦ
851 2654 972 2723 δέξασθαι
1013 2657 1095 2715 δοκεῖν
1106 2655 1147 2715 δτι
1159 2655 1229 2736 λέγει
1241 2656 1361 2728 τι,άλλά
1372 2657 1417 2717 καί
1434 2665 1614 2742 καταφρονεῖν.
1632 2699 1673 2712 -
1686 2688 1710 2728 ε,
1727 2668 1791 2728 Ἀλλ’

192 2751 259 2825 ὑμᾶς
273 2745 380 2820 αὐτούς,
394 2744 452 2804 ἀλλ’
461 2745 513 2818 ήδη
525 2744 627 2827 ἥψαντο
641 2744 686 2804 καί
699 2746 785 2822 ἡμῶν,
799 2749 973 2824 κατηγοροῦν·
1012 2743 1101 2815 ἐπειδὴ
1118 2745 1161 2824 ...]
1178 2743 1246 2802 ἀλλά
1261 2744 1329 2822 μετά
1341 2744 1390 2818 τήν
1403 2750 1455 2805 τῶν
1469 2751 1533 2807 νεῶν
1546 2747 1689 2833 ἔκπεμψιν.
1704 2790 1746 2803 -
1757 2756 1792 2818 TI

190 2859 235 2903 τες
247 2835 286 2895 ότι
299 2832 374 2916 παρά
386 2833 416 2893 τδ
430 2833 497 2900 εἰκθς
508 2835 595 2900 αὐτοῖς
607 2831 758 2913 μαχόμεθα.
774 2829 875 2910 ἀνάγκη
887 2830 971 2890 τοίνυν
1012 2829 1140 2910 εὖπρεπδς
1158 2834 1205 2901 τῆς
1224 2827 1309 2914 δίκης]
1322 2830 1372 2904 τήν
1385 2831 1491 2905 δόκησιν
1509 2838 1556 2907 τῆς
1567 2835 1656 2912 δίκης,
1674 2841 1737 2923 οὐχ]
1748 2842 1792 2916 τήν

192 2923 249 2983 ἰστί
267 2926 414 3001 μνησθῆναι
432 2919 585 3002 ἀμφοτέρων
602 2921 741 3002 πρότερον,
761 2918 802 2978 ότι
821 2921 850 2978 ού
867 2918 973 2987 δικαίως
1012 2917 1150 2990 ἀλήθειαν·
1172 2917 1279 2989 ἠδίκουν
1302 2917 1354 3000 γάρ
1376 2917 1445 2978 κατά
1464 2920 1589 2994 ἀλήθειαν
1610 2923 1647 2984 τά
1668 2929 1697 2986 ἰν
1718 2929 1793 2992 Ἐπι-

135 3015 138 3018 '
153 3041 180 3083 ηρ
193 3010 295 3080 δέξεσθε
308 3007 415 3083 αὐτούς,
426 3008 472 3068 καί
481 3007 521 3067 δτι
529 3007 710 3089 προςηκόντως
721 3009 809 3075 αθτοῖς
820 3006 971 3087 μαχόμεθα·
1013 3002 1113 3082 θάμνῳ.
1127 3006 1217 3065 -Οθ
1227 3007 1304 3065 τάκεῖ
1315 3005 1393 3084 μόνον
1408 3006 1481 3067 αύτοί
1491 3008 1665 3092 ἁμαρτόντες]
1677 3016 1727 3075 οὐχ
1736 3019 1821 3079 ἅδε-η

193 3090 250 3159 εἰτα
265 3100 348 3158 ἰλθεῖν
361 3097 459 3157 καίἐπί
471 3096 515 3156 τθν
529 3096 608 3156 ἀλλον
619 3095 706 3174 λόγον.
716 3129 758 3142 -
770 3115 792 3155 α
805 3095 972 3176 Ξυμμαχῖαν
1013 3092 1140 3164 νήσαντες
1150 3093 1223 3152 αὐτοὶ
1233 3093 1311 3172 μόνον
1323 3097 1359 3162 εἰς
1365 3093 1399 3154 τά
1410 3093 1480 3155 κατά
1488 3095 1536 3168 τήν
1543 3098 1792 3179 Ἐπίδαμνον-ε

193 3186 237 3248 διά
263 3186 293 3247 τδ
317 3190 488 3268 σῶφρον...]
515 3187 545 3245 οθ
570 3182 758 3264 συνεμάχησάν
780 3206 831 3242 τινι
853 3183 897 3242 διά
925 3184 972 3256 τήν
1014 3181 1060 3242 Ἐν
1078 3173 1112 3264 ᾧ]
1128 3182 1257 3243 λείπειτὸ
1275 3186 1302 3243 έν
1323 3182 1414 3266 ἰκείνιρ
1432 3187 1470 3267 τῷ
1490 3189 1638 3268 καιρῷ.--
1651 3186 1793 3276 Mum&

193 3273 369 3358 σωφροσύνην.
391 3309 431 3322 -
454 3272 666 3350 Ἐπετήδευσαν]
688 3270 910 3353 μετεχειρίσαντο.
934 3307 974 3318 --
1014 3269 1329 3349 ύμεῖς...]τδὲξῆς,μήτε
1340 3268 1506 3348 μεταδῶσετε
1517 3275 1605 3342 αὐτοῖς
1613 3279 1794 3361 εῆςώρελιίςς

192 3365 208 3394 ⁴
216 3362 405 3444 Αἰσχύνεσθαι]
413 3361 483 3441 ἔχειν
496 3360 618 3442 μάρτυρα
627 3364 674 3430 τῆς
682 3356 818 3439 αἰσχύνης.
829 3390 870 3404 -
879 3377 901 3419 ο.
918 3358 973 3418 Καὶ
1013 3356 1165 3433 ῦμεῖς,τότε
1173 3361 1221 3428 τῆς
1229 3357 1364 3435 δυνάμεως
1373 3361 1458 3418 αὐτῶν
1469 3361 1499 3419 οδ
1510 3362 1715 3437 μεταλαδόνεες.
1727 3367 1794 3447 λέγει

153 3488 180 3528 γ,
192 3456 210 3524 ή
223 3450 299 3519 πόλις
318 3449 451 3527 αἰτῶν...]
464 3447 603 3527 συμθαίνει
617 3452 651 3527 τῇ
669 3445 763 3527 γνώμη
779 3449 833 3504 τῶν
850 3447 973 3505 πολιτῶν·
1013 3441 1058 3501 τὸν
1071 3442 1140 3502 κατά
1152 3443 1262 3521 Σαμίων
1275 3446 1321 3504 καί
1332 3448 1479 3523 Αἰγινητῶν
1490 3447 1614 3525 πόλεμον.
1628 3453 1720 3514 -Τδ
1730 3454 1824 3535 Imp·

192 3538 360 3618 λῃστεύοντες
382 3535 433 3616 γάρ
452 3535 556 3616 ἔχουσιν
578 3534 660 3607 αὐτὴν
680 3538 865 3615 συνεργοῦσαν,
883 3536 974 3606 ἀπιτη-
1013 3533 1065 3589 τῶν
1075 3533 1121 3602 τῆς
1130 3531 1302 3609 Ἐπιδάμνου.
1324 3529 1602 3618 κατάκοινοῦτδένῷ.
1625 3542 1795 3620 αἰτιασόμεθα

193 3626 265 3686 θείαν
287 3625 398 3705 έχουσαν
419 3622 466 3695 τήν
488 3623 557 3693 θέσιν
579 3623 644 3705 πρδς
661 3622 797 3705 ἁρπαγήν.
820 3624 849 3681 οθ
869 3620 920 3702 γάρ
934 3623 974 3682 ἰκ·
1013 3615 1080 3698 γθρ,
1100 3617 1178 3698 φησί,
1191 3615 1250 3684 τοδε
1267 3618 1495 3698 συμμαχήσαντας
1511 3622 1565 3689 τοῖς
1578 3626 1796 3708 Κερκυραίοιςῶς

192 3715 301 3774 πλέουσι
312 3711 377 3792 πρός
389 3734 472 3788 τινας,
488 3713 588 3790 μᾶλλον
603 3709 630 3770 δὲ
645 3709 704 3778 τοθς
717 3709 853 3783 πλέοντας,
867 3709 918 3768 θπδ
927 3714 973 3782 τῆς
1014 3704 1127 3784 ἐχθρούς.
1141 3704 1187 3765 καί
1199 3707 1272 3782 ὑμεῖς
1286 3705 1314 3764 δί
1327 3705 1358 3767 τδ
1373 3706 1430 3765 ίσον
1448 3709 1535 3775 αὐτοῖς
1548 3707 1618 3778 ἕξετε
1638 3712 1795 3790 αἴτιον,καί

194 3802 253 3884 βίας
266 3804 317 3860 τῶν
333 3798 488 3877 πνευμάτων
507 3798 694 3880 καταίροντας,
709 3797 831 3878 δέχονται
844 3796 890 3855 καί
904 3799 975 3878 διαρ·
1013 3792 1134 3871 πολέμιοι
1143 3792 1315 3865 κληθήσεσθε.

154 3939 181 3978 ⁴0
193 3890 328 3960 πάζουσιν.
344 3879 401 3946 εἰτα
421 3885 570 3955 δικάζουσιν
585 3884 692 3961 αὐτούς,
709 3890 743 3954 ὡς
765 3885 854 3945 δίκαια
873 3886 974 3959 δηλαδή
1054 3880 1114 3940 XL
1135 3899 1158 3940 3.
1175 3880 1222 3951 Μή
1238 3879 1298 3938 ἀνευ
1310 3883 1383 3957 ὑμῶν
1401 3879 1518 3965 τούτους]
1530 3882 1590 3951 τοθς
1607 3885 1795 3970 Κερκυραίους·
1806 3904 1826 3943 ιο

193 3976 348 4037 πεπόνθασι.
370 3972 456 4033 καίτοι
469 3996 499 4052 γε
514 3976 543 4033 οὐ
564 3973 743 4056 προκάθηνται
756 3976 792 4041 εἰς
813 3973 843 4032 τθ
862 3974 974 4045 δικάζειν
1015 3967 1145 4040 τουτέστι,
1157 3967 1350 4037 κολασθήσεσθε
1359 3968 1404 4028 καί
1413 3973 1485 4047 ὑμεῖς
1495 3971 1552 4048 μετ’
1562 3974 1659 4034 αὐτῶν.
1670 4012 1712 4023 -
1725 3998 1748 4039 ς,
1759 3981 1796 4039 Δι’

194 4061 320 4142 συνθήκῃ,
334 4061 414 4140 ήγουν
430 4059 578 4142 συμφωνία.
593 4060 624 4119 τδ
635 4058 662 4118 δὲ
677 4059 747 4131 δλον,
763 4059 837 4118 αὐτοὶ
851 4060 975 4134 ἀδικηταὶ
1016 4055 1165 4135 ἀνακωχῆς]
1179 4056 1305 4148 ἀνακωχή
1317 4059 1387 4115 ἐστιν
1401 4058 1490 4136 εἰρήνη
1504 4058 1674 4141 πρόςκαιρρς,
1685 4065 1797 4144 πόλεμον

193 4153 240 4212 καί
262 4150 359 4233 κριταί.
385 4152 411 4209 ἐν
435 4147 518 4230 τούτῳ
540 4148 656 4229 γίγνεται
680 4150 766 4215 αὐτοῖς
788 4148 818 4207 τὸ
847 4148 975 4211 ἄσπονδον
1015 4143 1156 4214 ὠδίνουσα,
1171 4149 1222 4203 οἱον
1236 4148 1253 4214 ἡ
1268 4143 1350 4225 μικρά
1363 4150 1408 4202 τοῦ
1421 4144 1537 4223 πολέμου
1549 4148 1710 4226 ἀνάδλησις,
1728 4152 1797 4234 παρθ

194 4239 360 4320 εθπρόςωπον
374 4237 420 4298 καί
429 4235 545 4296 πιθανόν·
556 4236 599 4295 διά
613 4242 689 4296 τοῦτο
698 4234 748 4316 γθρ
759 4235 916 4316 συμμάχους
929 4242 975 4299 οὐκ
1015 4231 1045 4290 τὸ
1058 4232 1112 4290 ἄνω
1126 4231 1193 4311 ἰςῑῑν
1206 4229 1252 4298 τὰς
1263 4230 1369 4299 ἀκωκὰς
1383 4237 1434 4291 τῶν
1447 4234 1571 4314 δοράτων.
1581 4272 1623 4283 -
1634 4241 1692 4300 Καὶ
1704 4241 1749 4301 τθν
1763 4241 1799 4302 νό·

155 4372 182 4412 ⁴⁵
194 4327 308 4408 ἔχουσιν,
325 4323 369 4385 ἵνα
383 4324 535 4401 καταμόνας
557 4323 630 4383 αὐτοὶ
653 4325 776 4397 ἀδικῶσι,
797 4323 843 4383 καί
865 4324 903 4403 μή
919 4328 975 4403 μεθ’
1017 4321 1109 4399 μον...]
1130 4319 1182 4378 ἀπὸ
1195 4325 1298 4392 κοινοῦ,
1313 4319 1408 4380 δίκαιοί
1423 4323 1491 4383 ἐστε.
1508 4322 1539 4382 τδ
1550 4324 1577 4382 δὲ
1592 4324 1636 4384 τόν
1647 4328 1744 4410 ἄρθρον
1753 4353 1798 4388 πε-
1808 4345 1828 4384 ιι

195 4416 290 4497 ἑτέρων
302 4412 349 4486 τήν
362 4412 466 4473 ἀδικίαν
479 4410 698 4494 ἀργάζωνται·ἰνα
710 4411 747 4491 μή
758 4411 891 4494 μάρτυρας
906 4418 975 4493 μάλ-
1018 4407 1114 4487 ρῑσσόν·
1128 4441 1169 4452 -
1185 4429 1206 4467 ⁶·
1221 4407 1293 4486 Λίχα
1308 4408 1502 4490 ἕψηφῑσμῖνων]
1515 4411 1699 4487 emtam,
1714 4416 1797 4497 φησίν,

193 4508 240 4562 λον
252 4494 289 4562 ῶν
303 4501 470 4584 ἐργάζονται,
484 4498 502 4572 ἢ
517 4501 673 4580 συμμάχους
687 4501 779 4582 ἔχωσι.
794 4538 834 4547 -
849 4503 974 4586 Αὐτάρκη
1016 4497 1111 4567 αὗτῶν,
1124 4496 1200 4572 ἡμεῖς
1213 4499 1330 4577 φανερῶς
1346 4496 1511 4575 ἀντείπομεν.
1527 4534 1568 4545 -
1581 4500 1711 4578 Ἆμύνειν]
1729 4503 1798 4580 ἀμύ-

194 4589 264 4650 θέσιν
282 4587 401 4668 κειμένη]
419 4587 563 4670 περιτροπὴ
583 4588 613 4647 τδ
627 4592 731 4667 σχῆμα·
750 4592 768 4659 ἡ
784 4588 851 4656 θέσις
871 4595 918 4663 τῆς
932 4591 976 4651 πό·
1016 4606 1077 4654 νῑῑν,
1089 4588 1206 4663 βοηθῑῖψ
1219 4582 1362 4660 ἆμῦνῑσθαῑ
1372 4583 1634 4657 amomum-0,
1650 4592 1685 4651 Εἰ
1695 4589 1798 4672 γάρ]τδ

193 4679 260 4745 λεαις
275 4679 359 4736 αὐτῶν
374 4676 499 4759 ἁρμόττει
517 4679 603 4735 αὐτῶν
616 4681 649 4757 τῇ
663 4677 769 4755 γνώμῃ,
783 4677 829 4736 καί
843 4679 975 4759 αὐτάρκης
1015 4674 1066 4754 γάρ
1081 4674 1138 4733 ἀντί
1149 4680 1194 4733 τοῦ
1204 4674 1241 4734 δέ.
1253 4710 1294 4721 -
1306 4678 1448 4757 Φανεῖται]
1465 4676 1521 4736 ἀντί
1535 4685 1597 4752 τοῦ,
1612 4679 1703 4756 μέλλει
1713 4687 1797 4763 φανῆ-

155 4768 251 4842 ωἰστε
267 4768 313 4835 τῆς
334 4763 510 4846 προαιρέσεως
525 4765 570 4824 καί
586 4765 681 4834 κακίας
695 4768 781 4824 αὐτῶν
798 4765 864 4847 πρθς
878 4767 908 4826 τδ
926 4770 975 4850 λη-
1015 4785 1118 4822 ναε.-
1133 4765 1192 4823 Οὐκ
1214 4761 1318 4822 ἐλάσσω
1337 4767 1411 4840 ἡμῖν]
1429 4764 1573 4824 αἰνίσσεται
1589 4767 1746 4830 Ποτίδαιαν.
1759 4779 1828 4818 ..w

196 4849 558 4924 στεύειν.-Διάτδήκιστα
570 4851 975 4934 έπίτοίιςπίλας...]εἰγάρέξε’-
1017 4849 1071 4911 Καί
1090 4849 1134 4908 τδν
1155 4848 1265 4927 νόμον...
1284 4848 1389 4931 θήσετε]
1406 4852 1515 4925 πολλοί,
1535 4853 1624 4934 φησὶν,
1644 4856 1696 4915 εἰσί
1719 4855 1796 4938 φόρον

195 4942 289 5011 πλεον,
306 4937 401 5020 φησίν,
418 4940 551 5018 ἀλλαχοῦ,
573 4942 597 4999 οἱ
612 4941 776 5018 ἀδικούμενοι
799 4937 831 4997 ἀν
850 4941 973 5020 ἐκράτουν
1013 4939 1145 5005 ὑποτελεῖς
1160 4937 1222 5019 παρ’
1234 4940 1305 5015 ύμῖν,
1323 4938 1414 5007 οἵτινες
1430 4940 1557 5008 πολλάκις
1572 4943 1715 5019 μελετῶσιν
1729 4943 1794 5003 ἀπό-

195 5028 283 5086 αθτῶν
305 5026 427 5106 ὁμήρους.
448 5061 489 5074 -
510 5027 634 5109 Ἀνάγκη]
654 5028 699 5088 διδ
718 5029 874 5108 πνευμάτων
894 5030 972 5110 βίαν,
1014 5048 1119 5084 στασιν·
1133 5024 1179 5085 καί
1191 5029 1215 5084 εἰ
1227 5025 1327 5095 δέξεσθε
1342 5027 1518 5109 Κερκυραίους
1526 5028 1635 5108 τούσδε,
1650 5030 1697 5090 καί
1710 5030 1793 5091 κοινὸν

196 5104 387 5187 ἀνάγκη.τδδί
401 5105 531 5187 δέχεσθαι,
544 5109 734 5187 λῃστικῶς,ὡς
747 5109 776 5168 τδ
791 5109 974 5190 ὑποδέχεσθαι,
1013 5117 1103 5173 τοῦτον
1121 5112 1244 5184 ποιήσετε
1268 5113 1346 5192 νόμον
1366 5119 1443 5195 θρῦτε
1468 5114 1505 5193 μὴ
1526 5117 1631 5185 θαυτοθς
1650 5119 1793 5192 λανθάνητε
