3676 5828
226 313 256 369 lv
821 301 1035 363 PRAEFATIO.

226 433 554 509 innumerabilibus
575 433 665 504 locis
686 433 897 527 corrigenda
916 449 1054 523 essent,
1073 457 1153 530 quae
1168 433 1229 506 ille
1248 457 1356 530 prava
1370 433 1527 530 quadam
1542 460 1635 508 con·

226 558 419 632 suetudine
429 573 491 628 aut
504 581 669 654 perversa
681 557 855 653 opinione
867 555 1039 627 inductus
1051 581 1192 653 semper
1200 556 1357 628 scribere
1368 557 1519 629 solebat.
1533 562 1635 630 lnter

226 707 305 781 quae
333 681 549 752 creberrima
574 680 635 750 illa
656 694 765 767 sunt„
785 678 885 775 quod
911 679 949 748 in
975 680 1162 774 praeteritis
1185 679 1380 750 verborum
1406 681 1634 776 temporibus

227 830 368 902 semper
387 804 529 900 scripsit
548 805 766 894 victusfuit,
788 805 1051 894 victusfuerat,
1077 816 1113 871 et
1135 801 1272 897 reliqua
1288 801 1418 872 eodem
1446 802 1633 900 exemplo,

226 928 291 999 ubi
306 927 462 999 debebat
474 932 589 996 vz'ctus
603 941 668 1012 est,
684 931 799 996 victus
812 939 908 1009 επακ
919 924 1052 1020 quibus
1067 924 1204 994 accedit
1219 949 1348 1020 magna
1370 926 1408 994 in
1424 939 1634 1022 temporum

227 1049 493 1145 modorumque
503 1074 572 1120 usu
584 1047 798 1144 negligentia
807 1062 843 1118 et
856 1046 1091 1144 perturbati0;
1104 1047 1258 1143 exempli
1272 1047 1353 1118 loco
1368 1048 1425 1136 sit,
1440 1047 1540 1144 quod
1554 1073 1632 1120 non

226 1171 365 1268 putavit
388 1169 624 1240 indicativum
647 1168 798 1238 modum
814 1192 918 1262 posse
936 1192 1020 1238 cum
1039 1167 1140 1264 quod
1155 1167 1329 1262 particula
1346 1169 1538 1264 conjungi,
1563 1194 1634 1241 nec

227 1295 350 1365 minus
362 1306 550 1391 peccatum
563 1292 601 1361 in
616 1292 878 1387 pronominum
892 1315 979 1378 usu,
996 1289 1036 1358 in
1052 1312 1126 1385 quo
1143 1287 1440 1359 molestissimum
1454 1288 1527 1361 hoc
1545 1288 1632 1379 fuit,

225 1415 326 1513 quod
348 1414 558 1510 nescioquo
573 1412 755 1508 elegantiae
775 1415 895 1487 studio
910 1417 1123 1514 plerumque
1145 1420 1258 1511 zpsum
1277 1413 1384 1504 dixit,
1399 1414 1465 1485 ubi
1478 1430 1539 1486 aut
1550 1442 1632 1488 eum

226 1535 381 1607 debebat
395 1549 457 1606 aut
470 1534 577 1606 etiam
589 1558 649 1619 se,·
663 1559 730 1605 nec
743 1559 822 1607 rara
836 1553 939 1608 erant
958 1552 1147 1635 pervagata
1159 1536 1220 1609 illa
1239 1564 1247 1608 τ
1261 1563 1396 1636 parum
1411 1538 1529 1624 abest,
1553 1555 1631 1612 tum

227 1662 404 1754 temporis,
417 1660 547 1726 reversi
559 1671 659 1740 sunt,
671 1655 811 1753 aliaque
824 1657 927 1754 plura
941 1673 1048 1758 atque
1060 1661 1168 1732 etiam
1183 1662 1354 1756 graviora.
1369 1659 1497 1748 Qualia
1511 1687 1633 1759 quam·

225 1781 279 1851 vis
289 1779 412 1851 omnia
421 1776 581 1848 studiose
592 1779 757 1874 corrigas,
771 1804 845 1850 non
857 1795 977 1852 tamen
988 1782 1071 1853 ideo
1085 1783 1191 1879 plane
1208 1783 1320 1856 latina
1334 1785 1380 1856 sit
1400 1783 1477 1877 ejus
1499 1784 1630 1873 oratic,

226 1901 289 1999 qui
311 1917 387 1972 non
409 1900 605 1971 verborum
621 1901 778 1972 ambitus
794 1902 908 1976 latino
925 1906 1037 2002 magis
1052 1930 1162 2002 quam
1176 1930 1289 2002 graeco
1314 1930 1416 1976 more
1435 1920 1571 1979 struere
1596 1923 1633 1978 et

226 2023 445 2119 conjungere
469 2022 615 2112 audeat,
640 2048 708 2094 nec
733 2024 921 2095 relativum
956 2051 1160 2122 pronomen
1189 2027 1302 2122 magis
1330 2025 1402 2098 fere
1429 2026 1633 2123 frequentet

226 2167 335 2241 quam
353 2142 485 2230 Graeci,
510 2167 577 2213 nec
596 2142 666 2212 sibi
687 2145 871 2240 permittat
884 2150 937 2240 μέν
950 2162 985 2216 et
998 2146 1034 2218 tt
1048 2149 1241 2246 particulas
1263 2148 1364 2219 aliter
1383 2171 1492 2244 quam
1511 2149 1633 2220 latinis

226 2265 365 2364 quidem
381 2281 416 2336 et
431 2289 508 2334 vero
521 2263 728 2352 transferre,
744 2280 781 2336 et
802 2291 882 2363 quae
896 2266 1006 2363 hujus
1022 2272 1163 2367 generis
1179 2271 1318 2366 reliqua
1337 2287 1440 2360 sunt,
1460 2296 1541 2369 quae
1564 2297 1631 2369 ego

226 2385 673 2484 quamvisimprobarem,
688 2389 864 2484 corrigere
887 2407 1008 2465 tamen
1036 2409 1245 2466 constanter
1269 2418 1346 2464 non
1369 2393 1493 2491 potui,
1516 2393 1547 2466 si
1567 2393 1632 2465 ali-

226 2509 316 2608 quid
330 2509 459 2581 vellem
477 2509 523 2580 de
536 2509 635 2580 Porti
650 2509 950 2608 interpretatione
962 2516 1177 2614 relinquere.

274 2637 396 2731 Neque
415 2648 536 2703 tamen
552 2632 634 2702 talia
653 2647 716 2703 aut
732 2633 784 2705 illi
804 2650 866 2706 aut
886 2635 977 2708 mihi
996 2638 1107 2734 magis
1128 2639 1219 2712 vitio
1244 2652 1447 2726 vertentur,
1470 2663 1580 2735 quam
1602 2642 1633 2712 si

228 2759 424 2832 sententias
455 2758 551 2853 ipsas
577 2780 766 2853 perperam
801 2757 1099 2847 intellexerimus,
1126 2759 1168 2830 id
1194 2760 1296 2857 quod
1321 2761 1373 2832 illi
1400 2761 1566 2858 quidem,
1591 2778 1634 2833 ut

228 2898 305 2952 tum
322 2895 423 2951 erant
439 2896 619 2976 tempora,
635 2877 766 2949 accidit
783 2879 1082 2975 frequentissime.
1098 2884 1172 2976 Ego
1192 2906 1298 2971 vero,
1314 2883 1373 2952 cui
1394 2906 1522 2978 magna
1536 2907 1635 2953 com·

228 3003 487 3075 mentariorum
512 2999 626 3071 moles
652 3017 781 3098 praesto
804 3016 915 3089 esset,
944 3027 1053 3098 quam
1076 3007 1200 3101 Poppo
1226 3003 1361 3092 edidit,
1386 3004 1488 3076 bono
1509 3005 1633 3076 animo

226 3149 340 3214 erm,
355 3149 422 3196 nec
435 3124 606 3223 putabam
621 3123 728 3213 mihi,
740 3124 803 3194 ubi
816 3123 908 3194 forte
923 3125 1000 3220 ipse
1013 3122 1201 3215 haererem,
1212 3126 1309 3197 illius
1322 3125 1523 3199 aliorumve
1535 3129 1632 3198 auxi·

226 3249 316 3319 lium
335 3247 554 3318 defuturum.
569 3246 640 3318 Sed
654 3270 710 3317 res
724 3271 826 3344 spem
841 3243 980 3334 fefellit3
991 3263 1026 3318 et
1041 3265 1097 3338 ut,
1110 3248 1211 3345 quod
1226 3274 1335 3347 supra
1350 3248 1440 3338 dixi,
1455 3250 1493 3320 in
1510 3275 1633 3321 emen·

227 3369 357 3441 dandis
376 3368 594 3464 Thucydidis
613 3367 716 3438 libris
732 3368 845 3439 multa
858 3367 979 3439 adhuc
992 3369 1255 3460 desiderantur,
1279 3371 1331 3442 ita
1344 3371 1448 3469 plura
1462 3374 1570 3443 etiam
1592 3374 1631 3443 in

227 3488 355 3561 iisdem
365 3488 597 3586 explicandis.
613 3492 700 3558 Nam
713 3489 790 3584 ipse
805 3488 953 3584 quidem
968 3494 1094 3588 Poppo
1106 3508 1284 3590 quantum
1297 3493 1482 3590 diligentia
1494 3493 1632 3565 doctri·

227 3640 351 3712 naeque
364 3615 468 3712 copia
484 3612 684 3709 Thucydidi
705 3613 897 3709 profuerit,
915 3639 990 3685 non
1013 3640 1106 3711 opus
1126 3630 1181 3686 est
1202 3617 1334 3687 nostris
1352 3615 1522 3688 laudibus
1541 3642 1629 3714 prae-

226 3737 360 3826 dicare;
381 3735 540 3808 eundem
561 3735 733 3805 tamenin
751 3735 841 3805 locis
855 3737 977 3808 multis
996 3739 1291 3837 impeditioribus
1309 3754 1371 3810 aut
1390 3739 1496 3838 plane
1512 3755 1630 3811 tacere

225 3859 422 3952 videasput
435 3858 473 3928 in
488 3858 607 3953 aliqua
627 3855 860 3953 improbabili
883 3859 1023 3931 ratione
1042 3862 1285 3957 acquiescere,
1301 3875 1377 3947 aut,
1401 3859 1437 3931 id
1451 3860 1552 3957 quod
1571 3886 1632 3931 ne·

226 3982 316 4052 mini
331 3980 554 4078 frequentius
574 3978 719 4067 accidit,
734 3978 876 4050 consilii
891 3979 1047 4051 dubium
1061 4006 1154 4071 esse;
1172 4006 1238 4053 nec
1251 4006 1292 4052 ea
1305 3982 1427 4052 minus
1443 3981 1628 4077 pertinent

224 4103 270 4175 ad
291 4103 448 4200 reliquos
471 4100 691 4198 Thucydidis
712 4099 879 4171 editores.
901 4103 1011 4173 Nobis
1027 4129 1114 4178 vero
1135 4129 1210 4176 non
1236 4103 1366 4176 licebat
1389 4102 1512 4173 dubiis
1534 4127 1623 4193 esse,

227 4250 293 4297 nee
313 4226 543 4322 permisimus
562 4223 689 4312 nobis,
704 4238 745 4293 ut
765 4221 944 4319 ambiguis
959 4229 1216 4324 suspensisque
1231 4226 1349 4298 verbis
1365 4225 1537 4297 lectorem
1554 4224 1630 4295 elu-

225 4347 409 4437 deremus,
431 4362 508 4436 aut,
523 4346 588 4417 uhi
609 4345 669 4416 alii
691 4346 904 4434 tacuissent,
920 4371 988 4417 nos
1002 4374 1148 4446 quoque
1163 4348 1315 4446 probata
1333 4349 1432 4420 Porti
1454 4349 1631 4444 interpre-

227 4477 361 4546 tatione
379 4475 495 4545 otium
509 4497 704 4569 ageremus.
724 4476 848 4567 ltaque
863 4471 996 4543 lactum
1019 4487 1090 4560 est,
1113 4487 1172 4559 ut,
1200 4494 1315 4567 quum
1339 4470 1534 4565 saepissime
1557 4468 1628 4541 illis

225 4595 583 4691 auctoribuspeccata
591 4597 862 4690 corrigeremus,
870 4593 1057 4664 haudraro
1066 4592 1162 4662 idem
1169 4590 1629 4685 laciendumessetprivato

226 4735 352 4791 nostro
370 4717 558 4804 arbitratu,
577 4716 640 4787 ubi
656 4716 745 4813 quid
760 4715 811 4786 illi
828 4729 1042 4804 statuerent,
1061 4712 1328 4800 nesciebamus;
1344 4735 1411 4781 nec
1432 4710 1540 4781 uobis
1560 4712 1628 4783 du·

225 4843 327 4912 bium
338 4856 402 4929 est,
411 4842 500 4937 quin
511 4840 631 4909 sintin
641 4837 699 4908 his
707 4838 795 4908 locis
803 4837 952 4932 aliquot,
962 4837 1026 4908 ubi
1037 4836 1089 4907 illi
1098 4835 1280 4931 vulgarem
1289 4834 1627 4931 interpretationem

226 4962 472 5060 probaverint;
500 4987 623 5033 rursus
642 4963 749 5033 etiam
769 4960 829 5031 alii
853 4974 954 5048 sunt,
974 4958 1038 5029 ubi
1061 4959 1177 5028 sciens
1199 4957 1332 5053 sprevi,
1362 4980 1441 5052 quae
1467 4957 1519 5026 illi
1544 4979 1639 5025 vera

227 5083 419 5153 duxeruut.
432 5083 635 5180 Augebatur
647 5098 767 5154 autem
781 5079 946 5154 molestia
956 5107 1018 5171 eo,
1031 5080 1132 5179 quod
1146 5105 1226 5178 quae
1242 5079 1349 5151 nobis
1362 5080 1399 5151 in
1416 5076 1627 5174 corrigenda
1680 5140 1691 5155 ,
