3676 5828
604 317 795 380 fllSTORIAE
814 317 886 378 sun.
907 316 978 395 vu,
1000 327 1142 379 ss-so.
1618 330 1674 383 ωε

79 451 130 533 γάρ
142 452 169 509 έν
182 451 252 531 αὐτῷ
264 451 386 530 σχήσειν·
398 447 445 521 τήν
460 447 511 529 γὰρ
525 445 680 529 άνάκρουσιν
691 449 738 507 οῦκ
750 447 854 506 ἔσεσθαι
897 454 1000 505 monime
1009 462 1036 506 se
1047 455 1111 519 ipsos
1120 468 1220 518 usurum
1232 456 1277 506 hue
1285 458 1349 508 enim
1358 458 1448 508 ratione
1457 472 1484 510 se
1497 464 1588 524 optumo
1598 459 1677 511 mndi-

78 540 132 605 τοῖς
147 538 288 608 Ἀθηναίοις
306 537 486 615 ἐξωθουμένοις
501 536 595 595 ἄλλοσε
608 535 625 607 ἢ
641 539 667 602 ές
679 533 728 607 τὴν
739 539 797 613 γῇν,
811 533 856 593 καί
898 541 1076 603 licueiuturos3
1090 544 1274 594 Atheniensibus
1285 546 1363 607 enim,
1373 546 1393 595 si
1410 560 1425 595 s
1440 560 1466 598 se
1478 548 1676 612 propellerentur,

78 625 177 697 ταύτην
193 627 224 684 δι’
239 625 327 702 ὀλίγου
339 625 385 684 καί
402 626 427 692 ἐς
440 623 536 703 ὀλίγον,
550 624 608 682 κατ’
626 622 690 682 αθτὸ
700 622 731 681 τὸ
744 620 856 702 στρατί-
898 641 945 679 υοιι
954 629 1148 680 incolumitatem
1157 630 1320 681 retrocedendi
1328 632 1441 694 sii0,nisi
1453 634 1482 684 ud
1493 635 1685 699 terrum,idquo·

78 716 157 778 πεδον
170 712 200 771 τὸ
211 717 319 772 ἑαυτῶν.
360 716 415 773 Τοῦ
428 713 450 770 δ’
462 711 542 770 άλλου
553 710 656 789 λιμένος
669 708 743 769 circi
754 707 856 789 κρατή·
897 714 928 764 sb
938 716 1024 778 exiguo
1042 718 1121 780 specto
1137 720 1161 767 et
1177 718 1201 767 in
1217 718 1328 780 exiguum
1345 720 1466 783 spacium,
1480 721 1548 781 iustu
1567 722 1620 784 ipsa
1634 736 1678 771 sus

78 823 143 871 σειν,
166 802 197 875 (s)
211 800 257 858 καί
271 795 593 880 ξυμρερομένουςαθτοάς,
607 797 686 871 ήνπῃ
701 795 855 876 βιάζωνται,
897 807 984 853 costra.
1017 806 1500 870 ceteroveroportnseipsospotituros,
1533 807 1678 871 (metilius,

79 892 105 954 ὀς
122 886 207 964 ὀλίγον
227 909 256 944 τε
275 887 320 944 καί
338 885 439 951 πάντας
456 888 482 950 ές
499 884 530 942 τὸ
547 883 623 957 αότό,
646 883 857 964 προσπίπτοντας
898 891 975 941 sicubi
984 896 1155 955 premerentur,
1165 893 1440 956 mniertosinexiguurn
1448 896 1587 958 speciumct
1594 909 1678 945 omnes

79 975 202 1044 ἀλλήλοις
216 973 383 1054 ταράξεσθαι·
398 973 462 1052 ὅπερ
479 970 523 1029 καὶ
540 971 655 1029 ἔθλαιττε
669 971 785 1048 μάλιστα
799 968 857 1036 τοῦς
899 980 923 1028 in
936 992 1025 1039 uuum,
1037 979 1132 1029 collisos
1143 980 1205 1030 inter
1219 994 1245 1030 se
1256 980 1421 1043 perturbetum
1432 983 1477 1042 iri,
1493 983 1518 1031 id
1529 983 1592 1045 quod
1605 983 1677 1032 etism

79 1063 227 1136 Ἀθηναίους
241 1064 267 1121 έν
282 1061 396 1127 ἁπάσαις
408 1063 465 1126 ταῖς
475 1057 647 1137 ναυμαχίαις,
659 1061 706 1116 οὐκ
718 1057 796 1129 οὔσης
809 1059 858 1115 αιἰ-
899 1066 923 1115 ἰιι
932 1066 1043 1116 omnibus
1052 1068 1175 1117 naualibus
1183 1067 1273 1130 proeiils
1280 1068 1408 1131 plurimum
1418 1069 1602 1119 Atheniensibus
1611 1083 1678 1121 noce·

79 1157 133 1219 τοῖς
147 1154 171 1218 ές
182 1150 269 1208 πάντα
281 1150 324 1208 τὸν
337 1148 430 1226 λιμένα
441 1152 487 1218 τῆς
498 1146 691 1225 ἀνακρούσεως,
704 1144 793 1226 ὥσπερ
805 1147 857 1212 τοῖς
899 1153 952 1215 bnt,
963 1152 1028 1216 quod
1040 1153 1123 1203 iisnon
1135 1154 1158 1203 in
1168 1169 1263 1206 omnem
1272 1160 1381 1218 portum,
1390 1159 1417 1204 ut
1426 1157 1594 1218 Syracusanis,
1605 1163 1679 1207 reiro-

80 1237 258 1320 Συρακοσίυις.
305 1238 486 1318 Περιπλεῦσαι
509 1233 536 1292 δὲ
560 1237 585 1301 ἐς
606 1233 654 1305 τήν
680 1231 856 1314 εὐρυχωρίαν,
898 1240 983 1291 cedere
996 1241 1085 1291 ficeret.
1100 1244 1127 1291 ln
1144 1247 1318 1305 apertumvero
1333 1256 1399 1293 ruore
1415 1244 1680 1294 novibuscircumaetis

81 1331 152 1406 σρῶν
172 1324 284 1406 έχάντων
304 1322 352 1394 τήν
371 1323 521 1381 έπίπλευσιν
545 1321 597 1379 iri
616 1326 661 1379 τοῦ
682 1321 811 1396 πελάγους
828 1339 857 1375 τε
899 1327 1015 1378 evadendi
1027 1329 1162 1378 insultatum
1174 1329 1227 1379 illos
1239 1343 1285 1378 non
1297 1329 1433 1391 babituros,
1442 1331 1507 1394 quod
1519 1344 1592 1394 penes
1603 1344 1629 1382 sc
1642 1333 1676 1382 lu·

80 1412 126 1471 καὶ
146 1412 310 1490 ὀνάκρουσιν,
328 1411 357 1467 οὐ
377 1409 531 1480 δυνήσεσθαι
546 1406 638 1474 αὐτούς
643 1453 651 1479 ,
669 1407 754 1472 ἄλλως
769 1404 858 1463 τεκαὶ
899 1419 979 1464 turum
990 1421 1067 1476 esset,
1079 1430 1093 1465 ε
1104 1417 1186 1479 pelago
1200 1421 1224 1466 et
1235 1416 1347 1466 inuadere
1355 1422 1380 1466 et
1388 1418 1548 1481 retrocedere,
1561 1420 1680 1483 precipue

81 1506 126 1558 τοῦ
146 1495 301 1577 Πλημυρίου
321 1495 446 1573 πολεμίου
464 1519 491 1553 τε
511 1498 595 1562 αὐτοῖς
613 1494 735 1572 ἐσομένου
749 1492 795 1552 καί
811 1497 857 1551 τοῦ
900 1515 970 1563 νοτε,
981 1502 1046 1565 quod
1056 1508 1080 1552 et
1092 1504 1236 1566 Plemyrium
1250 1503 1297 1553 illis
1316 1504 1429 1554 infestum
1440 1509 1505 1556 esset
1523 1505 1643 1567 tutorum,
1655 1511 1680 1557 et

81 1586 210 1662 cropore<
223 1587 251 1643 οὗ
270 1583 384 1661 μεγάλου
397 1582 468 1649 ὄντος
480 1588 524 1641 τοῦ
539 1581 650 1658 λιμένος.
899 1589 965 1650 quod
976 1594 1058 1652 portus
1069 1591 1157 1639 ostium
1170 1604 1218 1640 uon
1226 1591 1333 1654 amplum
1345 1595 1417 1641 esset.

122 1674 262 1735 xxxvii.
283 1674 400 1730 Τοιαῦτα
412 1673 435 1728 οί
450 1669 608 1750 Συρακόσιοι
620 1669 684 1750 πρδς
696 1667 743 1740 τήν
757 1670 855 1726 ίαυτῶν
930 1675 1049 1723 llllllVll.
1067 1675 1215 1738 Tullaquum
1224 1677 1364 1737 syracusani
1372 1691 1416 1740 pro
1425 1684 1588 1740 mulceret,
1596 1679 1680 1742 peritis

83 1761 230 1837 ἐπιστήμην
244 1783 273 1817 τε
289 1757 335 1816 καί
349 1756 458 1833 δύναμιν
473 1757 671 1828 ἐπινοήσαντες,
685 1756 730 1815 καί
745 1755 802 1833 ἅμα
816 1778 858 1812 τε·
900 1764 924 1808 et
937 1760 1042 1822 potentio
1053 1762 1239 1823 excogitassent,
1256 1768 1280 1813 et
1298 1763 1370 1813 simul
1383 1765 1455 1814 etiam
1467 1778 1496 1815 ex
1509 1767 1629 1829 superiore
1639 1780 1680 1816 ns·

82 1846 239 1927 θαρεηκότες
253 1847 353 1922 μᾶλλον
367 1843 417 1914 ήδη
435 1843 486 1901 ἀπὸ
499 1849 545 1915 τῇς
560 1843 685 1926 προτέρας
700 1841 858 1922 ναυμαχίας,
900 1847 946 1896 vuli
962 1848 1045 1910 prmlio
1058 1849 1228 1911 maioremjsm
1240 1849 1361 1900 tidentism
1373 1853 1552 1915 concepissent,
1564 1853 1680 1916 pedestri·

83 1935 232 2015 ἐπεχείρουν
246 1938 283 2013 τῷ
296 1955 323 1989 τε
336 1934 407 2009 πεζῷ
421 1930 477 2007 ἅμα
488 1931 533 1989 καί
545 1941 603 1998 ταῖς
614 1930 713 1989 ναυσίν.
757 1930 789 2008 (2)
804 1928 858 1990 Κὸιί
900 1933 946 1984 bus
964 1935 1034 1984 simul
1046 1941 1069 1984 ct
1080 1936 1205 1986 maritimis
1220 1937 1294 1999 copiis
1310 1938 1425 2001 impetum
1440 1939 1565 1989 iaciebant.
1596 1941 1632 2004 (t)
1650 1945 1681 1992 ut

82 2003 196 2100 τὸνμὲν
213 2020 290 2089 πεζὸν
312 2017 391 2098 ὀλίγῳ
412 2017 543 2098 πρότερον,
561 2018 605 2077 τδν
627 2021 656 2077 ἐκ
677 2022 723 2089 τῇς
744 2017 858 2088 πολιως,
900 2021 1032 2083 peditatum
1042 2023 1472 2088 quidem,quiexurbeprocedebnt,
1484 2026 1680 2091 Gylippuspsulo

84 2110 219 2175 Γύλιππος
232 2102 415 2187 προεξαγαγὼν
428 2109 543 2184 προσῆγε
561 2109 598 2186 τῷ
616 2103 697 2184 τείχει
714 2108 767 2162 τῶν
780 2104 857 2173 Ἀθη-
900 2109 967 2170 prius
984 2109 1096 2158 eductum
1108 2109 1216 2160 admouit
1229 2111 1259 2160 nl
1271 2111 1452 2161 Atheniensium
1462 2114 1619 2163 munitionem
1632 2113 1679 2176 ibi,

83 2198 173 2266 ναίων,
191 2195 246 2254 καθ’
262 2193 321 2253 ὅσον
338 2192 403 2273 πρὸς
420 2190 468 2263 τήν
487 2192 563 2251 πόλιν
581 2195 661 2251 αὐτοῦ
679 2190 761 2271 ἑώρα·
776 2190 859 2249 καλοί
900 2200 1091 2258 qunprospectus
1102 2197 1127 2246 ln
1135 2198 1218 2247 urbem
1225 2200 1330 2260 petebrt3
1340 2198 1397 2247 item
1407 2199 1518 2262 quispud
1527 2201 1679 2263 Olympicum

84 2283 139 2342 ὀπδ
151 2288 196 2342 τοῦ
211 2279 395 2358 Ὀλυμπιείου,
409 2277 435 2337 οἵ
447 2303 475 2337 τε
487 2281 591 2338 ὁπλῖται
604 2277 659 2337 ὅσοι
672 2279 726 2337 ἐκεῖ
736 2269 802 2349 ήσαν
814 2275 859 2334 καί
901 2287 968 2332 erum
976 2286 1001 2332 et
1010 2285 1088 2345 gravis
1097 2290 1225 2335 srmsturae
1237 2285 1337 2348 milites,
1351 2287 1392 2348 qui
1403 2287 1452 2336 illic
1462 2292 1541 2349 erent,
1551 2292 1575 2339 el
1586 2289 1680 2351 equites

17 2408 19 2413 ·
84 2375 109 2430 ol
123 2374 204 2440 ἱππῆς
217 2367 263 2427 καί
276 2372 293 2439 ή
307 2365 436 2445 γυμνητία
450 2370 502 2424 τῶν
516 2364 685 2447 Συρακοσίων
705 2367 735 2423 ἐκ
751 2368 796 2421 τοῦ
814 2362 859 2421 ὀπί
901 2374 925 2418 et
937 2369 996 2419 teris
1014 2375 1133 2420 onustum
1142 2376 1353 2435 syrocummrum,
1362 2374 1555 2425 admunitimiem
1565 2375 1597 2425 ub
1606 2374 1680 2427 alters

84 2457 181 2536 θάτερα
192 2453 301 2535 προσήει
311 2459 349 2534 τῷ
361 2453 454 2532 τείχει·
467 2457 494 2511 αί
509 2454 537 2512 δὲ
547 2459 606 2525 νῇες
620 2450 686 2529 μετδι
699 2456 775 2510 τοῦτο
788 2448 860 2517 sich<
902 2461 969 2519 psrte
983 2458 1142 2520 accedebant,
1154 2472 1228 2511 nares
1243 2473 1302 2511 vcro
1317 2465 1400 2523 postes
1415 2462 1539 2511 confestim
1551 2466 1680 2525 Syracusa·

85 2542 238 2612 ὀπεζέπλεον
250 2545 302 2600 τῶν
317 2539 485 2620 Συρακοσίων
499 2539 545 2598 καί
563 2538 715 2618 ξυμμάχων.
758 2538 791 2617 (s)
806 2535 860 2598 Kuri
902 2557 988 2594 norum
1004 2545 1171 2609 sociorumque
1190 2547 1323 2609 prodibant.
1373 2548 1408 2612 (3)
1427 2553 1505 2612 Atque
1524 2550 1680 2602 Athenienses

84 2634 108 2691 οί
123 2631 252 2703 Ἀθηναῖοι
265 2627 294 2687 τὸ
308 2632 409 2708 πρῶτον
427 2625 518 2694 αὐτοὺς
531 2626 642 2703 οἰόμενοι
654 2629 692 2706 τῷ
707 2629 775 2705 πεζῷ
790 2622 861 2704 μόνιρ
904 2631 1083 2694 primoquidem
1090 2633 1243 2684 eosrntisoio
1251 2634 1358 2697 peditatu
1367 2634 1681 2700 mollieturosquumnsres

84 2717 228 2798 πειράσειν,
243 2718 350 2796 ὁρῶντες
361 2714 388 2773 δέ
401 2714 447 2773 καί
461 2713 507 2781 τὰς
517 2719 579 2781 ναῦς
591 2709 776 2795 ἐπιφερομένας
788 2709 861 2793 άρνω
903 2731 999 2782 quoque
1008 2718 1088 2785 sopito
1095 2725 1176 2770 contra
1186 2720 1342 2771 serenientes
1350 2723 1681 2787 riderent,perturbsbontur,

86 2804 266 2884 ίθορυάοῦντο,
278 2802 323 2862 καὶ
334 2806 357 2860 οἱ
372 2802 419 2880 μὲν
434 2801 478 2860 ἐπὶ
492 2800 525 2860 τδι
539 2801 615 2880 τείχη
630 2799 675 2859 καί
688 2799 739 2880 πρὸ
750 2803 801 2858 τῶν
813 2821 863 2858 τει-
904 2809 929 2854 ct
937 2804 978 2854 ulli
989 2806 1085 2868 quidem
1097 2819 1169 2869 supra
1181 2807 1326 2858 munitiones
1339 2813 1364 2857 et
1375 2814 1430 2860 unte
1441 2811 1586 2862 munitiones
1597 2811 1683 2862 sdver-

85 2897 141 2972 χῶν
163 2892 215 2956 τοῖς
237 2896 384 2970 προσιοῦσιν
408 2888 677 2969 άντιπαρετάσσοντο,
702 2891 725 2946 oi
748 2885 776 2945 δὲ
798 2885 862 2968 πρὸς
904 2905 947 2943 sus
955 2893 1035 2943 hostes
1044 2893 1184 2943 secedentes
1194 2895 1417 2955 consistebmt,siii
1427 2909 1484 2946 vero
1492 2897 1608 2949 adsersus
1617 2899 1683 2963 equi·

85 2978 145 3045 τοὺς
163 2978 216 3036 snt
234 2983 279 3036 τοῦ
299 2975 469 3054 Ὀλυμπιείου
489 2976 534 3034 καί
555 2979 606 3033 τῶν
626 2973 675 3042 έζιυ
696 2973 764 3035 κατὰ
783 2973 863 3054 τάχος
906 2980 1139 3043 teoctisculctores,
1150 2981 1191 3045 qui
1202 2982 1367 3045 multipnrtlm
1378 2996 1410 3033 es
1422 2983 1547 3046 Olympico
1555 2987 1683 3048 portium

85 3071 234 3147 χωροῦντας
244 3064 339 3132 ίππέας
352 3087 380 3123 τε
391 3060 504 3130 πολλοὺς
516 3062 561 3120 καί
574 3061 725 3127 ἀκοντιστάς
738 3060 863 3130 ἀντεπεξ-
905 3065 958 3117 slils
967 3067 1098 3117 locisestrs
1105 3068 1158 3118 sitis
1168 3069 1378 3130 mugtssoelerltste
1387 3069 1527 3131 veniebant,
1539 3077 1621 3121 contro
1628 3087 1681 3136 pro·

87 3153 177 3232 ήεσαν,
193 3152 267 3222 ἄλλοι
285 3149 312 3209 δέ
330 3150 377 3217 τίις
393 3155 455 3215 ναῦς
472 3149 601 3229 ἐπλήρουν
614 3148 660 3206 καί
680 3146 737 3225 ἅμα
758 3150 802 3208 ἐπί
819 3147 863 3206 τὸν
905 3152 1001 3214 ditant,
1015 3153 1055 3204 ulii
1064 3166 1121 3204 vcro
1131 3167 1206 3204 nevos
1221 3155 1420 3216 instruebantur
1434 3156 1505 3205 simul
1519 3156 1630 3207 sdlittus
1644 3171 1683 3208 cc·

88 3239 206 3317 ιιίγιαλὸν
216 3236 403 3319 παρεόοήθσυν,
416 3235 460 3294 καί
471 3235 560 3307 ἐπειδή
574 3235 682 3316 πλήρεις
692 3228 769 3307 ήσαν,
782 3238 863 3293 ὀντα-
905 3239 1045 3300 currebant,
1054 3244 1079 3289 et
1087 3245 1215 3304 postquem
1223 3241 1346 3291 instructae
1355 3242 1684 3306 erunt,qu1nqueetseptus·

88 3331 166 3402 νῇγον
180 3322 256 3382 πέντε
268 3322 312 3383 καί
331 3321 510 3398 ἐὸδομήκοντα
527 3327 601 3389 ναῦς·
615 3321 726 3381 καὶτῶν
741 3325 863 3403 Συρακο-
905 3327 969 3388 ginis
984 3340 1058 3377 mres
1072 3327 1220 3391 cduoebtut5
1238 3334 1263 3378 ct
1281 3332 1484 3392 Symcstssucmm
1503 3333 1572 3380 crem
1589 3330 1685 3382 circiter

87 3413 149 3472 σίων
164 3405 230 3484 ήσαν
244 3409 399 3489 ὀγδοήκοντα
415 3409 538 3486 μάλιστα.
905 3414 1031 3475 octoginta.

127 3501 287 3564 xxxviii.
308 3500 365 3567 Τῇς
382 3494 410 3554 δὲ
422 3496 523 3575 ἡμέρας
538 3496 581 3555 ὀπί
594 3495 661 3556 πολὺ
674 3494 864 3577 προσπλέοντες
936 3512 1068 3560 xxxvlll.
1085 3513 1166 3569 Quum
1177 3515 1258 3560 σιτίσαι
1266 3509 1297 3560 ed
1306 3511 1409 3562 multum
1416 3511 1480 3561 illius
1487 3511 1533 3562 diet
1545 3512 1684 3575 spatiumst

87 3586 133 3645 καὶ
145 3583 345 3666 ἀνακρουόμενα
356 3583 401 3641 καί
412 3583 582 3663 πειράσαντες
593 3584 724 3657 ἀλλήλων,
736 3585 782 3644 καί
796 3584 865 3645 οῦδέ-
905 3579 1074 3630 invadendum
1083 3580 1308 3630 Γθῦθᾱθῦθθωθωθ
1317 3595 1343 3632 θθ
1355 3585 1513 3644 limi)tament
1521 3585 1546 3631 0³
1554 3583 1634 3631 ”⁰¹³5
1642 3582 1684 3632 ⁸¹¹·

87 3697 157 3754 τεροι
169 3673 304 3749 δυνάμενοι
319 3670 389 3740 ἄξιόν
399 3695 424 3729 τι
438 3671 515 3748 λόγου
529 3672 703 3753 παραλαῦεῖν,
718 3677 739 3732 εί
752 3671 789 3749 μή
801 3679 864 3732 ναῦν
905 3649 969 3782 {unffi
979 3650 1684 3781 gffiffleuffimmfffflmfflssffiumzffl

88 3761 151 3839 μίαν
163 3759 180 3832 ῇ
193 3759 238 3818 δύο
246 3763 297 3817 τῶν
310 3758 449 3828 Ἀθηναίων
462 3762 485 3817 σί
495 3759 652 3840 Συρακόσιοι
664 3761 863 3833 καταδύσαντες,
905 3793 1055 3851 prmum,
1067 3789 1150 3851 ppoeppo
1164 3790 1282 3853 dirempto
1293 3791 1467 3852 diremtum
1478 3796 1503 3842 et
1517 3790 1638 3854 peditatus
1652 3792 1683 3842 si·

88 3848 263 3929 διεκρίθησαν·
272 3846 316 3905 καὶ
328 3850 341 3903 ὁ
353 3846 428 3915 πεζὸς
440 3847 496 3924 ἅμα
509 3848 561 3904 άπὸ
572 3850 624 3905 τῶν
633 3852 727 3926 τειχῶν
739 3850 862 3920 ἀπῆλθεν.
905 3858 979 3907 mulo
991 3859 1163 3907 munitionibus
1175 3859 1300 3910 abscessit.
1674 3880 1678 3888 ·

128 3938 161 4015 (τ)
173 3939 216 4013 Τῇ
224 3934 375 4014 δ’θστεριιίογ
386 3937 409 3991 oi
419 3932 467 4010 μὲν
477 3931 634 4015 Συρακόσιοι
643 3933 783 4013 ἡσύχαζον,
791 3934 863 3994 οὐδέν
937 3944 971 4005 (t)
986 3943 1103 3994 Postridie
1113 3958 1170 3996 vero
1179 3947 1320 4008 syracusani
1329 3945 1426 4009 uiridem
1437 3947 1605 4011 quiescebant,
1617 3948 1684 3999 nullo

88 4025 223 4096 δηλοῦντες
234 4020 321 4079 ὁποῖόν
336 4044 360 4079 τι
374 4020 404 4079 τὸ
417 4019 512 4098 μέλλον
526 4020 691 4092 ποιήσουσιν·
704 4024 718 4079 ὁ
730 4020 757 4080 δὲ
771 4022 864 4090 Νικίας
905 4029 976 4080 modo
984 4029 1143 4093 declarantes,
1153 4032 1267 4094 quidnam
1282 4037 1362 4082 essent
1372 4033 1462 4094 soturi;
1476 4034 1555 4084 Nicias
1566 4048 1624 4086 vero
1636 4047 1683 4086 cen

88 4106 294 4167 lichenhale
307 4105 341 4164 τδι
359 4112 405 4178 τῇς
418 4105 566 4185 ναυμαχίας
580 4106 718 4184 γενόμενα,
732 4106 777 4165 καὶ
792 4107 864 4167 ὀλπί-
904 4129 977 4178 nens,
989 4117 1092 4180 oequsles
1108 4118 1182 4168 luisse
1193 4119 1217 4167 in
1231 4119 1309 4168 novali
1322 4120 1405 4182 proelio
1416 4121 1480 4170 vires
1490 4125 1516 4170 et
1529 4122 1682 4183 existimans.

88 4197 138 4261 ζων
158 4191 251 4257 αὐτοῦς
270 4184 341 4260 αὖθις
361 4192 548 4273 ἐπιχειρήσειν,
569 4193 627 4259 τούς
644 4216 672 4251 τε
691 4194 864 4274 τριηράρχους
904 4216 947 4254 eos
962 4217 1045 4253 mrsus
1061 4205 1177 4268 impetum
1195 4206 1313 4267 lecturos,
1331 4210 1356 4255 et
1371 4207 1512 4256 trierarchos
1524 4208 1636 4270 cogebat,
1655 4213 1684 4258 ut

87 4279 232 4357 ἠνάγκαζεν
245 4280 421 4348 ἐπισκευάζειν
436 4279 482 4346 τὸς
493 4287 567 4351 ναῦς,
579 4281 602 4338 εί
611 4280 650 4348 τίς
663 4305 688 4340 τι
700 4283 864 4357 έπεπσνήκει,
905 4304 978 4341 neves
993 4292 1129 4354 reticerent,
1147 4293 1168 4342 si
1188 4307 1236 4356 qus
1251 4293 1365 4342 damnum
1382 4294 1478 4356 uliquod
1499 4295 1641 4359 accepisset,
1658 4303 1684 4347 ct

89 4366 136 4424 καί
150 4367 262 4432 ὁλκάδας
275 4366 426 4447 προώρμισε
439 4367 490 4447 πρὸ
503 4373 547 4425 τοῦ
563 4368 686 4449 σρετέρου
704 4369 865 4451 σταυρώμα-
904 4380 1024 4430 onerarias
1043 4379 1157 4442 produxit
1174 4384 1229 4429 suto
1244 4393 1316 4429 suum
1337 4379 1440 4441 vallum,
1455 4381 1522 4444 quod
1539 4387 1594 4433 sote
1608 4397 1682 4435 noves

88 4477 145 4525 τος,
157 4452 170 4511 δ
185 4455 271 4520 αὐτοῖς
285 4454 335 4533 πρὸ
346 4459 397 4512 τῶν
409 4459 472 4513 νεῶν
485 4455 541 4513 σἰντί
555 4455 656 4532 λιμένος
667 4458 780 4534 κλῃστοῦ
794 4461 864 4537 έντῇ
902 4478 974 4527 suus,
992 4471 1020 4515 ut
1036 4468 1120 4529 portus
1134 4466 1209 4516 clausi
1223 4468 1276 4516 luco
1291 4471 1369 4528 esset,
1386 4468 1410 4517 in
1427 4468 1486 4516 mari
1501 4467 1607 4518 defixum
1621 4474 1680 4519 emt.

88 4539 207 4619 θαλάσσῃ
224 4541 360 4619 ἐπεπήγει.
403 4543 435 4617 (ν)
448 4541 637 4609 Διαλειποὸσας
652 4540 680 4601 δὲ
693 4543 739 4610 τὰς
752 4544 865 4613 ὁλκάδας
906 4554 940 4615 (3)
950 4553 1071 4603 Distsntes
1085 4565 1141 4603 vero
1150 4555 1269 4604 onerarias
1281 4554 1364 4603 binum
1376 4555 1469 4604 circiter
1480 4554 1592 4616 jugerum
1603 4556 1682 4619 spello

87 4627 148 4685 ὁσον
163 4627 207 4686 διίο
220 4629 319 4709 πλέθρα
333 4631 379 4688 ἀπ’
398 4629 517 4700 ἀλλήλοιν
531 4628 699 4703 κατέστησεν,
711 4629 780 4698 ὁπως
794 4632 817 4690 εί
827 4657 865 4699 τις
905 4640 1003 4690 sitenm
1019 4640 1049 4689 sb
1064 4641 1138 4690 alters
1150 4641 1287 4701 collomvit,
1305 4646 1332 4689 ut
1348 4642 1368 4689 si
1382 4655 1430 4704 quo
1445 4641 1514 4689 neris
1526 4649 1681 4703 premeretur,

90 4714 204 4792 βιάζοιτο
216 4721 290 4787 ναῦς,
305 4715 345 4792 εἴη
359 4716 512 4798 κατάρευξις
526 4716 643 4797 σἰσραλής
654 4717 700 4777 καί
714 4719 794 4777 πάλιν
807 4721 864 4778 καθ’
905 4730 985 4776 tutum
994 4733 1057 4777 essct
1064 4728 1189 4790 retugium,
1197 4732 1221 4777 et
1230 4741 1313 4777 rursus
1322 4741 1364 4790 por
1370 4728 1445 4776 otium
1457 4728 1561 4777 exeundi
1571 4729 1680 4780 iacuitss.

88 4802 202 4879 ἡσυχίαν
216 4801 333 4869 ἔκπλους.
375 4805 637 4885 Παρασκευαζόμενοι
653 4807 680 4862 δὲ
699 4809 782 4863 ταῦτα
801 4806 864 4879 ὀλην
905 4815 1060 4865 Athmienses
1076 4820 1156 4865 sutem
1170 4816 1194 4864 in
1207 4814 1475 4878 hisoppsrsndisrebus
1486 4818 1565 4864 totum
1576 4815 1682 4866 diemsd

87 4887 136 4959 τήν
147 4887 248 4968 ἡμέραν
261 4889 407 4948 διετέλεσαν
418 4895 442 4949 οἱ
454 4893 581 4962 Ἀθηναῖοι
594 4892 673 4972 μέχρι
685 4892 784 4970 νυκτός.
905 4907 999 4951 noctem
1008 4915 1083 4964 usque
1093 4903 1255 4965 perstiterunt.

127 4977 257 5035 XXXIX.
278 4979 321 5053 Τῇ
343 4978 366 5032 δ’
385 4978 507 5057 ὑστεραία
528 4981 552 5035 οἱ
572 4977 730 5060 Συρακόσιοι
750 4983 797 5049 τῇς
817 4978 864 5056 μὲν
935 4992 1041 5038 xxxix.
1065 4989 1182 5039 Postridie
1201 5002 1258 5038 vero
1278 4989 1420 5050 syracusani
1443 4988 1561 5039 maturius
1584 4987 1681 5052 quidum

93 5061 158 5144 ῦρακ
256 5061 344 5134 ίτεοον,
362 5065 430 5143 τῇδ’
448 5065 607 5145 ἐπιχειρήσει
627 5070 660 5146 τῇ
681 5067 748 5146 αὐτῇ
769 5072 814 5125 τοῦ
835 5089 883 5125 τε.
906 5069 1157 5137 temporescdeodem
1167 5080 1191 5125 et
1200 5072 1321 5138 peditatus
1330 5080 1354 5126 et
1362 5074 1681 5158 olsssiscunstummstbe·

344 5175 355 5212 ι
1578 5173 1606 5214 cn
