3676 5828
156 298 213 349 306
842 284 1077 346 TflUctbtms

151 420 229 485 πεζοῦ
243 415 289 474 καί
310 419 355 474 τοῦ
373 420 494 475 ναυτικοῦ
516 414 693 496 προσέμισγον
708 413 765 482 Ιτοῖς
779 413 935 488 Ἀθηναίοις,
954 427 961 457 ¹
979 415 1104 468 aiensibus
1119 416 1292 481 confligebant,
1324 419 1358 482 (a)
1375 424 1399 471 et
1415 422 1546 473 commisso
1561 423 1667 476 navibus
1680 424 1771 490 praeno

153 506 185 581 (ν)
200 503 246 562 καὶ
261 503 497 570 ἀντικαταστάντες
515 507 572 570 ταῖς
590 502 667 561 ναυσὶ
683 502 727 562 τὸν
742 502 820 561 αὐτὸν
838 502 934 584 τρόπον
979 504 1064 554 eodem
1073 504 1145 554 modo
1161 519 1245 555 rursus
1258 521 1368 569 magnam
1380 508 1444 557 illius
1455 509 1503 558 diei
1515 515 1608 572 partem
1622 513 1770 564 seinvicem

83 647 88 653 ¹
130 576 134 584 Ι
152 581 224 658 αὖθις
235 589 279 650 ἐπὶ
290 589 356 650 πολὺ
369 592 458 670 διῆγον
469 592 515 662 τῆς
526 588 793 672 ἡμέραςπειρώμενοι
804 591 934 662 ἀλλήλων,
979 591 1118 642 lacessendo
1135 594 1323 655 consumebant,
1335 594 1412 644 donec
1428 596 1522 657 Αῐίθῑο,
1539 599 1665 660 Pylt'hichi
1684 599 1768 661 filius,

152 678 213 759 πρὶν
230 678 262 751 δὴ
278 677 402 759 Ἀρίστων
421 683 434 736 ὁ
453 677 587 759 Πυρρίχου
609 677 757 758 Κορίνθιος,
776 678 880 760 ἄριστος
900 677 936 737 ὢν
977 680 1261 743 Corinthius,omnlum,
1275 683 1316 745 qtli
1328 695 1384 731 culti
1394 684 1550 745 Syracusanis
1560 689 1771 750 etant,0ptimtts

151 765 312 848 κυὸερνήτης
328 769 380 824 τῶν
395 765 462 844 μετὰ
478 764 658 846 Συρακοσίων,
673 765 756 825 πείθει
769 765 827 833 τοὺς
841 766 934 847 antei-
977 767 1129 829 gunemator,
1137 769 1256 831 persuasit
1270 783 1322 818 sttae
1333 769 1417 819 classis
1425 769 1576 833 ducibus,ut
1583 773 1664 822 missit
1672 775 1772 825 nunciis

153 875 212 934 ρους
224 858 270 911 τοῦ
283 856 406 912 ναυτικοῦ
422 852 551 934 ἄρχοντας
556 898 564 925 ‚
578 852 734 934 πέμψαντας
745 857 781 921 ὥς
791 853 850 921 τοὺς
863 856 890 912 ἐν
901 858 935 932 τῇ
978 854 1008 903 ad
1019 867 1075 915 eos,
1086 856 1174 918 quillus
1185 857 1210 906 in
1220 857 1278 907 urbe
1293 856 1365 918 hujus
1382 857 1415 907 rel
1429 871 1486 907 cuia
1497 861 1627 910 commissa
1640 867 1708 922 erat,
1724 863 1771 912 im·

152 940 227 1000 πόλει
239 939 454 1019 ἐπιμελομένους,
469 940 583 1000 κελεύειν
595 940 635 1000 ὅτι
647 941 761 1021 τάχιστα
774 941 823 1013 τὴν
838 942 935 1022 ἀγορὸν
978 944 1143 1005 pestilentiis,
1155 949 1264 1007 utquam
1273 945 1483 995 oelerdmererum
1494 948 1615 997 renalium
1625 949 1705 998 loram
1715 963 1771 999 mn·

151 1029 204 1085 τῶν
217 1027 393 1105 πωλουμένων
408 1028 658 1106 μεταναστήσαντας
671 1028 715 1087 ἐπὶ
735 1028 783 1101 τὴν
801 1028 935 1088 θάλασσαν
978 1033 1104 1092 [ambisti
1116 1030 1146 1081 ad
1158 1045 1224 1082 mare
1242 1033 1410 1092 transferrent,
1422 1038 1615 1098 eiquaeetlmqtle
1631 1037 1772 1098 quibem]-

151 1112 275 1192 κομίσαι,
288 1114 333 1172 καί
347 1113 396 1173 ὅσα
412 1138 450 1182 τις
464 1114 520 1194 ἔχει
533 1113 663 1193 ἐδώδιμα,
676 1116 777 1183 πάντας
791 1118 873 1174 ἐκεῖσε
891 1117 935 1194 ρί-
978 1117 1042 1167 ¹0¹¹bl
1056 1117 1168 1180 hiberti,
1184 1133 1268 1169 ⁰¹¹¹ssae
1283 1125 1395 1181 ωθθῐθῦῑ
1411 1120 1468 1170 illuc
1484 1122 1545 1172 felle
1562 1127 1587 1172 0²
1603 1123 1723 1184 rendere,
1743 1129 1773 1175 ¹¹1

153 1224 244 1283 ροντας
262 1202 411 1279 ἀναγκάσαι
424 1204 532 1276 πωλεῖν,
551 1202 621 1270 ὁπως
642 1205 730 1270 αὐτοῖς
750 1201 937 1270 έκὸιύάσαντες
978 1207 1065 1254 mulas
1074 1218 1131 1253 ⁸⁰0⁵
1142 1205 1300 1266 litati'¹¹1⁰lta
1309 1220 1384 1256 ΗΜ
1394 1214 1576 1271 θλβθῠθῑθῠῑθῑ
1585 1211 1772 1274 ltceoenlpnn·

151 1287 211 1357 τοὺς
231 1289 327 1357 ναύτας
347 1290 420 1357 εὐθὺς
438 1289 512 1371 παρὰ
532 1289 579 1357 τὰς
598 1296 659 1359 ναῦς
678 1290 937 1372 ἀριστοποιήσονται,
978 1291 1061 1349 dium,
1073 1297 1098 1341 et
1113 1293 1176 1341 intra
1194 1293 1268 1342 breve
1286 1295 1391 1356 spatium
1406 1309 1490 1345 rursus
1501 1301 1526 1346 et
1540 1296 1625 1347 eodem
1641 1298 1682 1349 die
1696 1301 1772 1352 Attae·

151 1375 198 1436 καλ
210 1376 243 1436 δι’
256 1374 345 1454 ὀλίγον
360 1367 432 1444 αύθις
446 1377 491 1436 καί
504 1379 651 1459 αὐθημερὸν
666 1378 871 1460 ἀπροσδοκήτοις
884 1387 938 1446 τοῖς
978 1379 1075 1429 Bituiti
1086 1380 1146 1429 ssilss'l
1155 1379 1292 1442 hulflssmfflfi
1305 1387 1472 1445 θῐῦθθθίιῒῦῐθθ
1484 1384 1679 1446 dssssoedilffllul·

122 1501 125 1508 -
152 1461 295 1535 Ἀθηναίοις
306 1465 483 1543 ἐπιχειρῶσιν.

192 1552 253 1611 XL.
277 1550 332 1610 Καὶ
347 1553 371 1610 ol
386 1552 433 1629 μὲν
451 1549 598 1620 πεισθέντες
613 1551 735 1633 ἔπεμψαν
756 1552 876 1632 ἄγγελον,
893 1551 937 1612 καλ
1009 1565 1057 1612 XL.
1074 1566 1152 1625 Atque
1164 1563 1188 1612 hi
1200 1563 1297 1627 quidem
1311 1564 1383 1626 hujus
1394 1565 1476 1615 verbis
1484 1564 1581 1616 adducti
1593 1568 1707 1618 nuntium
1724 1568 1772 1619 mi·

151 1642 169 1709 ἡ
189 1638 272 1720 ἀγορδι
291 1637 506 1718 παρεσκευάσθη,
526 1641 572 1699 καί
591 1644 615 1699 οἱ
636 1641 795 1722 Συρακόσιοι
818 1640 938 1722 ἐξαίρνης
979 1651 1243 1708 eemnt,etmercatus
1259 1656 1448 1713 apparatusest,
1469 1658 1494 1703 et
1506 1655 1650 1718 syracusani
1666 1661 1769 1720 repente

152 1724 274 1806 πρύμναν
289 1724 462 1806 κρουσάμεναι
473 1726 553 1785 πάλιν
569 1726 633 1808 πρὸς
645 1727 693 1800 τὴν
706 1727 782 1787 πολιν
796 1728 937 1798 ἔπλευσαν,
980 1735 1005 1784 in
1017 1736 1118 1799 puppim
1131 1736 1274 1799 remigantes
1286 1739 1370 1788 urbem
1387 1753 1472 1790 versus
1487 1743 1620 1804 navigando
1633 1758 1661 1794 se
1674 1756 1773 1808 recepe·

153 1813 199 1872 καλ
211 1812 283 1881 εὐθύς
295 1812 418 1880 ἐκύάντες
432 1817 511 1873 αὐτοῦ
523 1813 630 1895 ἄριστον
644 1818 789 1876 ἐποιοῦντο·
833 1819 865 1894 (a)
878 1820 902 1874 ol
917 1814 939 1873 δ’
980 1828 1050 1885 runt,
1063 1828 1087 1874 et
1096 1825 1177 1873 statim
1187 1838 1305 1875 exscensu
1316 1826 1472 1877 lactoinloco
1483 1830 1610 1892 prandium
1622 1832 1768 1894 sumebant3

153 1901 283 1975 Ἀθηναῖοι
294 1901 447 1980 νομίσαντες
462 1902 554 1970 αὐτοὺς
565 1907 601 1970 ὡς
613 1904 777 1982 ἡσσημένους
791 1907 864 1986 σρῦν
876 1903 939 1985 πρὸς
982 1911 1015 1973 (a)
1031 1911 1190 1962 Athenienses
1205 1926 1263 1962 vero
1274 1913 1453 1975 existimantes,
1471 1930 1513 1966 ern
1529 1923 1582 1966 uta
1600 1931 1628 1968 se
1643 1919 1722 1969 victos
1739 1920 1771 1971 ad

152 1988 201 2061 τὴν
214 1990 290 2048 πόλιν
309 1988 534 2072 ἀνακρούσασθαι,
549 1993 609 2050 καθ’
629 1992 743 2072 ἡσυχίαν
764 1993 888 2059 ἐκόάντες
905 1991 938 2050 τά
981 1999 1066 2048 urbam
1086 1999 1110 2048 in
1124 2000 1224 2062 puppim
1243 2001 1386 2063 remigasse,
1399 2016 1441 2064 per
1456 2005 1532 2053 otium
1550 2005 1575 2054 in
1591 2005 1649 2056 litus
1667 2009 1772 2070 agressi,

153 2100 183 2137 τε
197 2078 267 2138 ἄλλα
286 2079 473 2160 ὁιεπράσσοντο
487 2079 533 2138 καί
545 2077 662 2161 τάἀμρὶ
676 2080 706 2139 τὸ
720 2079 828 2162 άριατον
841 2083 876 2147 ὡς
893 2084 940 2150 τῆς
981 2099 1057 2148 qurum
1070 2086 1171 2147 adalia,
1184 2090 1236 2136 tum
1248 2087 1415 2150 adprendinm
1430 2091 1605 2153 expediendum
1623 2107 1649 2144 se
1664 2095 1772 2146 oonutle·

153 2190 184 2245 γε
195 2166 296 2249 ἡμέρας
305 2165 402 2240 ταύτης
414 2167 499 2226 ούκέτι
511 2167 624 2243 οἰόμενοι
635 2167 667 2227 ἂν
676 2172 860 2248 ναυμαχῆσαι.
903 2169 937 2245 (a)
982 2178 1053 2233 ruat,
1065 2172 1130 2236 quod
1139 2175 1233 2224 nullum
1244 2176 1330 2225 navale
1339 2178 1451 2239 prulium
1459 2180 1564 2242 amplius
1575 2194 1605 2231 eo
1616 2180 1657 2231 die
1669 2195 1696 2232 se
1705 2196 1772 2233 eom·

154 2250 296 2334 Ἐζαίρνης
318 2254 340 2313 δ’
362 2256 386 2314 ol
414 2253 572 2334 Συρακόσιοι
596 2254 784 2336 πληρώσαντες
807 2254 855 2322 τὰς
878 2260 940 2322 ναῦς
983 2261 1099 2311 missuros
1108 2265 1228 2324 putarent.
1262 2264 1296 2325 (3)
1312 2268 1451 2328 strepente
1464 2269 1608 2329 Syracusani
1621 2270 1772 2320 navibusin·

154 2341 281 2401 ἐπίπλεον
296 2331 383 2408 αύθις·
398 2345 423 2400 οἱ
437 2341 465 2401 δὲ
479 2340 523 2400 δεδι
541 2343 640 2400 πολλοῦ
656 2341 779 2422 θορύύου,
794 2340 840 2400 καλ
855 2341 940 2400 ἄσιτοι
983 2350 1083 2399 abactis
1093 2363 1177 2399 rursus
1187 2351 1373 2419 invelrebantur3
1384 2353 1418 2402 ilii
1425 2367 1483 2403 nero
1494 2368 1581 2416 magno
1587 2369 1645 2405 cum
1655 2357 1773 2418 tumultu,

155 2432 180 2487 οἱ
192 2429 311 2500 πλείους,
324 2428 408 2487 οὐδενὶ
422 2428 515 2512 κόσμῳ
527 2428 650 2497 ίσόάντες
664 2430 739 2507 μόλις
752 2429 816 2490 ποτέ
832 2430 940 2502 ἀντανή·
982 2442 1007 2487 et
1018 2438 1126 2501 plerique
1139 2437 1229 2499 ieiuni,
1246 2440 1313 2489 nullo
1328 2440 1412 2490 ordine
1431 2455 1506 2491 naves
1522 2443 1730 2507 conscendebant,
1747 2450 1773 2495 et

154 2537 239 2596 γυντο.
283 2517 315 2595 (ε)
331 2516 386 2577 Καί
399 2514 491 2597 χρόνον
511 2517 559 2596 μέν
574 2542 633 2577 τινα
652 2519 798 2599 ἀπέσχοντο
817 2519 940 2591 ἀλλήλων
982 2539 1045 2587 aegre
1056 2525 1260 2575 taudemobriam
1269 2528 1435 2578 occurrebant.
1469 2529 1503 2589 (t)
1516 2533 1545 2579 Et
1555 2529 1702 2592 aliquandiu
1716 2533 1773 2595 qni·

155 2601 361 2684 φυλασσόμενοι·
383 2604 463 2663 ἔπειτ’
485 2607 531 2663 αἰκ
551 2605 635 2665 ἐδόκει
654 2615 708 2673 τοῖς
728 2607 870 2678 Ἀθηναίοις
890 2607 940 2666 ὑπὸ
981 2612 1037 2663 dena
1048 2613 1095 2663 sibi
1106 2619 1219 2663 carentes
1231 2628 1245 2663 a
1257 2620 1375 2665 somnino
1384 2616 1548 2680 abstinebant3
1559 2622 1642 2680 postea
1654 2631 1712 2668 vero
1723 2633 1773 2670 nun

156 2695 228 2775 σφῶν
243 2694 330 2751 αὐτῶν
345 2691 534 2769 διαμέλλοντος
547 2692 621 2776 κόπῳ
639 2693 794 2754 ἁλίσκεσθαι
809 2696 867 2755 ἀλλ’
881 2698 940 2754 ἐπι-
982 2701 1090 2763 placebat
1098 2702 1290 2765 Atheniensibus,
1301 2716 1351 2752 sea
1362 2717 1388 2753 se
1397 2704 1463 2767 ipsis,
1472 2705 1531 2754 duna
1538 2711 1718 2770 cunctarentur,
1729 2722 1773 2771 per

155 2785 253 2861 χειρεῖν
271 2778 312 2840 ὁτι
324 2779 453 2861 τάχιστα,
468 2780 513 2840 καί
530 2781 711 2863 ἐπιφερόμενοι
725 2786 755 2842 ἐκ
773 2783 940 2864 παρακελεύ-
982 2788 1148 2838 lassitudinem
1164 2789 1262 2850 conici,
1280 2791 1408 2853 sedunam
1422 2792 1546 2843 celerrime
1563 2795 1644 2844 hostes
1661 2795 1772 2859 aggredi,

156 2857 226 2936 αεωξ
231 2867 406 2949 ἐναυμάχουν.
448 2870 478 2947 (υ)
490 2867 525 2928 Oi
538 2868 565 2927 δέ
578 2871 737 2952 Συρακόσιοι
749 2870 883 2949 δεξάμενοι
895 2871 943 2930 καλ
981 2877 1139 2939 quamobrem
1151 2877 1207 2927 dato
1219 2879 1287 2940 signo
1298 2877 1435 2940 ingnreutes
1452 2892 1558 2940 pugnare
1567 2887 1701 2943 cmpemnt.
1736 2883 1771 2945 (5)

155 2961 213 3026 ταῖς
225 2980 255 3017 τε
268 2956 359 3016 ναυσίν
378 2956 550 3039 ἀντιπρώροις
567 2957 712 3039 χρώμενοι,
729 2957 819 3041 ὥσπερ
838 2959 940 3031 διενοή-
981 2964 1124 3026 Syracusani
1133 2978 1190 3015 vero
1199 2979 1275 3028 quum
1287 2979 1329 3015 cos
1339 2967 1507 3028 excepissent,
1519 2971 1544 3017 et
1554 2967 1662 3018 adversis
1673 2971 1772 3021 narium

155 3051 248 3118 θησαν,
262 3049 315 3104 τῶν
330 3044 450 3123 ίμόολων
464 3050 497 3126 τῇ
513 3051 670 3128 παρασκευῇ
685 3047 879 3129 ἀνερρήγνυσαν
894 3047 941 3114 τὰς
982 3052 1059 3114 proris
1071 3053 1394 3116 utentea,qnemadmodnrn
1404 3059 1550 3116 statuerant,
1562 3057 1648 3106 rostris
1658 3058 1689 3108 acl
1699 3059 1772 3124 idpa·

156 3137 208 3194 τῦιν
227 3133 369 3206 Ἀθηναίων
387 3138 450 3200 ναῦς
469 3134 513 3194 ἐπὶ
526 3133 593 3192 πολὺ
607 3139 655 3206 τῆς
671 3135 879 3217 παρεξειρεσίας,
895 3136 941 3194 καί
982 3141 1040 3189 ratis
1048 3141 1185 3190 lacerabant
1198 3141 1379 3192 Atheniensium
1387 3156 1462 3192 naves
1476 3157 1518 3206 per
1527 3158 1637 3205 magnam
1644 3160 1772 3209 prorarum

156 3226 181 3283 οἱ
190 3222 243 3282 ἀπὸ
250 3224 302 3281 τῶν
311 3221 545 3303 καταστρωμάτων
556 3224 643 3290 αὐτοῖς
652 3223 826 3292 ἀκοντίζοντες
837 3224 940 3302 μεγάλα
982 3232 1090 3290 partem,
1102 3228 1141 3277 ubi
1151 3228 1244 3277 nullum
1251 3234 1287 3279 est
1296 3230 1422 3292 remigium
1429 3267 1436 3291 ,
1444 3235 1467 3280 et
1476 3232 1517 3295 qui
1525 3246 1553 3281 er
1563 3233 1678 3283 tabulatis
1687 3248 1771 3285 eurum

157 3309 287 3369 έόλαπτον
299 3308 359 3376 τοῦς
373 3307 534 3383 Ἀθηναίους,
548 3309 615 3368 πολὺ
631 3309 653 3369 δ’
667 3309 706 3369 ἔτι
721 3311 801 3388 μείζω
812 3315 836 3370 οἱ
850 3313 877 3370 ἐν
889 3320 942 3378 τοῖς
981 3315 1060 3376 jacula
1077 3317 1248 3380 conjiciebant,
1265 3318 1418 3368 veliementer
1436 3319 1622 3370 Atheniensibus
1638 3323 1758 3374 nocebant
1763 3339 1771 3385 ;

156 3399 260 3465 λοιποῖς
273 3397 374 3464 πλοίοις
391 3398 575 3478 περιπλέοντες
592 3401 644 3456 τῶν
664 3400 834 3480 Συρακοσίων
852 3400 898 3458 καὶ
916 3399 942 3467 ές
983 3404 1025 3454 sed
1032 3405 1100 3466 longe
1111 3406 1187 3467 magis
1195 3406 1267 3455 etiam
1277 3406 1310 3455 illi
1318 3408 1565 3470 ensyracusanis,qui
1573 3410 1772 3474 exignisnarigils

156 3510 185 3546 τε
198 3484 258 3553 τοὺς
273 3484 384 3565 ταρσοὺς
398 3484 588 3552 ὑποπίπτοντες
601 3489 652 3544 τῶν
666 3487 801 3565 πολεμίων
815 3491 879 3545 νεῶν
896 3488 941 3548 καὶ
983 3492 1188 3543 εἰεουιιινελιυιιιοε
1196 3498 1221 3543 et
1231 3494 1317 3543 seriem
1327 3507 1450 3545 remorum
1462 3496 1585 3545 hostilium
1595 3499 1694 3547 navium
1706 3499 1772 3550 aubi·

157 3577 183 3641 ἐς
193 3579 227 3632 τὰ
236 3571 337 3650 πλάγια
349 3572 546 3653 παραπλέοντες
555 3572 600 3632 καί
612 3572 638 3642 ἐξ
650 3576 735 3633 αὐτῶν
745 3577 770 3641 ἐς
778 3574 837 3643 τοὺς
846 3573 942 3642 ναύτας
983 3580 1084 3642 bant,et
1093 3580 1124 3629 ad
1136 3594 1219 3630 earum
1229 3582 1303 3631 latera
1315 3583 1562 3645 prmterrelrebantur,
1572 3589 1596 3634 et
1605 3585 1671 3634 illinc
1681 3585 1772 3636 innau-

158 3658 342 3727 ἀκοντίζοντες.
984 3672 1021 3717 tas
1030 3669 1131 3718 missilia
1139 3669 1268 3731 jaciebant.

197 3748 270 3808 XLI.
293 3746 376 3813 Τελος
390 3744 418 3805 δέ
435 3745 519 3829 τούτῳ
533 3751 572 3829 τῷ
585 3746 676 3829 τρόπῳ
690 3746 758 3808 κατά
772 3747 867 3831 κράτος
879 3773 942 3808 ναυ-
1014 3759 1075 3805 xnt.
1094 3757 1199 3806 Tandem
1211 3761 1291 3806 autem
1309 3759 1454 3820 Syracusani
1466 3760 1522 3809 totis
1533 3759 1626 3809 viribus
1640 3760 1687 3810 lroe
1699 3760 1772 3811 modo

159 3840 305 3916 μαχοῦντες
324 3837 348 3892 οἱ
370 3833 528 3916 Συρακόσιοι
548 3834 681 3909 ἐνίκησαν,
702 3836 748 3896 καὶ
768 3840 792 3895 ol
814 3837 943 3908 Ἀθηναῖοι
984 3849 1116 3906 pugnantes
1132 3845 1253 3906 riserunt,
1268 3851 1293 3894 et
1307 3847 1465 3897 Athenienses
1481 3849 1504 3896 in
1520 3848 1600 3910 ingmn
1615 3849 1693 3910 rarsi,
1710 3849 1772 3899 inter

157 3920 317 4004 τραπόμενοι
329 3919 372 3979 δεδι
383 3925 434 3979 τῶν
449 3921 566 3981 ὁλκάδων
580 3921 628 3993 τὴν
638 3924 795 4005 κατάρευξιν
809 3928 942 3985 ἐποιοῦντο
984 3932 1103 3981 onerarias
1113 3933 1218 3982 naresin
1226 3946 1295 3982 suam
1312 3934 1439 3983 stationem
1450 3936 1622 3998 pertugtebant
1655 3936 1772 4000 (θεμε-

159 4007 239 4076 lesbo
254 4010 354 4066 ἑαυτῶν
365 4006 455 4090 ὅρμον,
500 4011 531 4087 (ν)
547 4012 583 4069 Αἱ
595 4009 623 4069 δὲ
634 4014 686 4069 τῶν
701 4012 872 4093 Συρακοσίων
884 4018 943 4085 νῆες
984 4024 1128 4075 ουοιοοευιιι
1144 4034 1202 4070 reru
1211 4034 1286 4072 nares
1297 4035 1374 4084 usqne
1386 4021 1415 4071 ad
1431 4022 1484 4072 illas
1496 4023 1615 4072 onerarias
1628 4035 1704 4073 naves
1719 4023 1772 4086 qni·

159 4095 238 4177 μέχρι
253 4094 301 4174 μέν
314 4097 367 4154 τῶν
386 4095 505 4155 ὁλκάδων
526 4097 680 4157 ἐπεδίωκον·
700 4098 779 4158 ἔπειτ’
800 4100 895 4168 αὐτοὺς
914 4106 942 4161 orl
984 4107 1040 4157 dem
1052 4107 1247 4171 insequebantur;
1260 4108 1347 4159 deinde
1360 4116 1485 4171 antennae,
1495 4123 1549 4173 qum
1559 4123 1588 4159 ex
1600 4110 1717 4160 onerariis
1729 4124 1772 4160 na·

159 4188 263 4266 κεραῖαι
278 4178 346 4266 ύπὲρ
361 4180 412 4242 τῶν
428 4183 531 4244 ἐσπλων
545 4189 572 4244 αἱ
587 4187 640 4245 ἀπὸ
653 4192 705 4246 τῶν
720 4188 837 4247 ὁλκάδων
853 4190 940 4272 δελρι-
985 4196 1056 4246 ribus
1072 4208 1144 4259 snper
1158 4197 1270 4247 introitus
1286 4210 1411 4260 suspensa·
1428 4197 1552 4261 delphines
1569 4197 1710 4260 portabant,
1730 4211 1773 4250 eea

159 4271 263 4355 νορόροι
275 4272 389 4354 ἠρμένοι
408 4272 530 4335 ἐκώλυον.
574 4277 606 4354 (υ)
622 4273 675 4334 Δύο
694 4274 721 4334 δέ
738 4281 798 4348 νῆες
815 4279 867 4336 τῶν
886 4282 942 4339 Συ-
984 4283 1093 4348 progredi
1110 4285 1275 4346 prohibebant.
1311 4287 1344 4347 (3)
1357 4289 1417 4335 Duae
1434 4299 1491 4336 rero
1506 4288 1711 4347 Syracusanomm
1728 4300 1771 4336 na·

161 4360 291 4442 ρακοσίων
301 4360 472 4443 ἐπαιρόμεναι
483 4367 516 4442 τῇ
528 4362 587 4442 νίκῃ
596 4363 758 4445 προσέμιξαν
769 4366 855 4424 αὐτῶν
868 4367 944 4447 ἐγγὺς
985 4385 1042 4433 res,
1054 4372 1152 4422 victoria
1164 4373 1269 4434 seroces,
1285 4372 1316 4421 ad
1333 4372 1386 4423 illas
1404 4375 1502 4438 propius
1515 4378 1682 4434 accesserunt,
1698 4378 1772 4439 atque

160 4449 206 4510 καί
224 4448 409 4531 διεφθάρησαν,
424 4450 499 4522 καὶὴ
517 4450 595 4533 ὁτίρα
614 4453 701 4520 αὐτοῖς
720 4453 843 4535 ἀνδράσιν
864 4455 942 4515 ἑάλω.
985 4461 1115 4524 profligata
1127 4465 1199 4521 sunt;
1211 4464 1236 4510 et
1245 4474 1327 4511 earnm
1337 4461 1412 4511 altera
1425 4476 1472 4511 una
1485 4475 1540 4511 cnm
1553 4461 1613 4524 ipsis
1629 4462 1690 4512 viris
1701 4468 1773 4527 capta

159 4537 211 4617 (t)
236 4537 439 4604 Καταδύσαντες
459 4538 482 4596 δ’
498 4542 522 4597 ol
545 4540 704 4620 Συρακόσιοι
725 4546 778 4601 τῶν
801 4542 943 4616 Ἀθηναίων
984 4553 1031 4599 est.
1065 4548 1100 4611 (t)
1111 4552 1142 4598 At
1157 4548 1301 4610 Syracusani
1316 4551 1408 4610 septem
1422 4549 1524 4597 naribus
1535 4548 1720 4600 Athenienslum
1732 4551 1772 4603 de

158 4625 228 4686 έπτά
239 4629 302 4692 ναῦς
315 4625 362 4684 καί
375 4627 670 4707 κατατραυματίσαντες
682 4628 796 4702 πολλάς,
808 4629 904 4712 ἀνδρας
914 4654 943 4690 τε
986 4636 1087 4700 pressis,
1104 4635 1235 4698 multisque
1254 4636 1376 4695 laceratis,
1395 4636 1502 4698 virisque
1522 4636 1610 4698 partim
1623 4637 1702 4700 captis
1716 4651 1773 4702 par-

160 4710 220 4780 τοῦς
234 4710 282 4790 μέν
300 4711 479 4793 ζωγρήσαντες
495 4714 553 4782 τοῦς
571 4715 599 4774 δέ
618 4716 817 4784 ἀποκτείναντες
832 4718 943 4799 ἀπεχώ-
985 4725 1029 4775 tim
1047 4725 1147 4787 soniste,
1157 4723 1281 4784 abierunt,
1293 4728 1317 4774 et
1329 4724 1455 4786 utriusque
1474 4735 1559 4785 prognae
1575 4724 1668 4774 navalis
1681 4728 1773 4789 bopma

162 4822 260 4880 ρησαν,
283 4800 329 4859 καλ
350 4799 465 4882 τροπαῖά
487 4823 516 4859 τε
537 4802 691 4885 ἀμροτέρων
712 4807 764 4863 τῶν
787 4808 942 4884 ναυμαχιῶν
985 4812 1774 4875 erexerunt,certamquejamspemantmoconoeperant,sectasse

162 4887 286 4960 ίατησαν,
299 4888 345 4946 καί
357 4886 406 4958 τὴν
424 4888 517 4948 ἐλπίδα
537 4891 588 4962 ἤδη
609 4890 706 4972 ἐχυράν
728 4882 798 4970 εἶχον
816 4893 874 4959 ταῖς
895 4893 943 4970 μίν
986 4902 1054 4963 longe
1062 4901 1197 4964 superiores
1207 4902 1268 4960 tore,
1278 4899 1446 4950 existimabant
1457 4901 1546 4960 antem
1556 4897 1635 4962 ipsum
1647 4900 1723 4949 etlam
1733 4909 1773 4965 pe·

161 4975 239 5034 ναυσὶ
257 4974 303 5033 καὶ
321 4974 388 5034 πολὺ
408 4976 542 5058 κρείσσους
559 4969 639 5052 ε’ίναι,
657 4976 762 5038 ἐδόκουν
785 4978 811 5036 δέ
833 4978 879 5038 καί
898 4978 943 5038 τδν
982 4989 1088 5039 'ditatum
1102 5003 1155 5040 ase
1166 4988 1292 5038 subactum
1304 4987 1342 5036 iri.

162 5062 239 5133 πεζδν
250 5062 432 5156 χειρώσασθαι.
