3676 5828
185 345 221 396 50
775 330 949 392 scHOLlA.
961 332 1001 406 ΙΙ,
1018 342 1053 392 17
1067 365 1105 377 -
1120 343 1167 395 87.
1520 409 1524 415 Ι

170 459 549 542 νονσῶν]ύψουμίνων.-Ἧ
565 458 689 539 μηχανή]
709 461 760 518 τῶν
776 461 946 532 Πελοποννη-
995 459 1074 520 όανόν
1109 483 1138 520 τε
1168 459 1273 543 αὐτούς]
1303 465 1328 523 οί
1360 462 1491 538 Ἕλληνες
1518 464 1580 535 τοῦς
1614 468 1781 553 βαρὸάροος,

170 553 234 614 σίων
248 550 375 623 δηλονότι.
387 582 422 591 -
434 547 601 617 Ἀπεκαύλιζε
612 548 643 606 τὸ
654 545 779 627 προέχον]
795 546 911 625 ἀπέτεμε
919 546 949 606 τό
1032 551 1190 612 LXXXIII.
1202 570 1224 610 ν.
1240 551 1517 631 Ἀντιπαροιπλέοντας]
1529 553 1587 615 ἀντὶ
1598 563 1650 616 τοῦ
1662 561 1700 626 είς
1713 562 1782 619 ἀντι·

170 641 261 720 ἀκρον.
277 675 316 684 -
330 638 369 699 Τὸ
383 634 509 721 προέχον]
521 637 551 696 τδ
564 635 788 717 προόεθλημένον.
992 635 1147 743 παράταζιιγ
1173 668 1205 681 -
1231 637 1350 721 Ἑώρων]
1378 645 1401 700 σί
1431 641 1564 723 Κορίνθιοι
1588 645 1725 716 δηλονότι.
1749 677 1780 689 -

209 730 349 789 LXXVll.
371 723 592 805 ο.Ηᾶσανγάρδὴ
605 719 948 806 ἶδέαν]έπινοίαςδηλονότι.
995 727 1083 805 Σφῶν]
1105 750 1157 784 των
1172 726 1323 806 Κορινθίων.
1337 764 1369 776 -
1390 731 1449 789 Ούκ
1466 730 1569 803 ἔλαθον]
1590 734 1616 791 σί
1636 732 1802 809 Ἀθηναῖοις

89 838 93 843 ·
143 835 155 873 ο
170 859 210 873 .-
223 836 245 875 υ.
259 812 408 896 Φακέλους]
422 813 523 896 φορτία.
539 812 704 892 θΦάκελος,
718 811 948 893 δεσμδς,φορτίον,
992 813 1089 873 -Τὸν
1104 812 1232 894 πορθμόν]
1252 814 1296 874 τὸν
1311 815 1438 896 Κρισαῖον
1453 841 1526 899 φησι.
1545 816 1602 878 έστι
1617 819 1647 879 δέ
1662 823 1780 903 πορθμδς

169 914 214 960 καί
229 901 259 960 τὸ
272 910 330 967 ταῖς
347 903 473 982 κεφαλαῖς
484 899 650 982 φορούμενον,
668 899 726 971 ήτοι
746 899 775 958 τὸ
789 899 947 981 φασκώλιον.
993 899 1129 981 ἀμφίγειος
1142 900 1272 962 θάλασσα.
1286 937 1319 952 -·
1330 925 1352 964 ο.
1365 903 1421 972 Τάς
1431 903 1548 986 πρώρας]
1560 905 1671 987 ἔχοντες
1682 911 1779 984 δηλω-

169 1024 209 1035 -
219 993 244 1050 Τ
246 987 297 1068 αχδ
312 986 340 1048 δὲ
355 988 470 1069 πλήρους
483 987 635 1067 γενομένου]
652 993 698 1046 τοῦ
712 987 898 1065 διαστήματος.
908 1021 949 1033 -
992 987 1042 1050 ότι.
1054 1018 1085 1030 -
1097 987 1140 1049 Τά
1150 1012 1179 1047 τε
1193 988 1277 1049 λεπτὰ
1290 992 1380 1064 πλοῖα]
1395 991 1455 1061 τοὺς
1468 992 1590 1070 λίμύους.

168 1075 402 1158 Ἐπιπαρένησαν]
425 1075 562 1157 συνῆρξαν.
577 1109 616 1122 -
630 1094 652 1133 ι.
667 1074 873 1154 Χειροποίητον]
888 1073 944 1133 ἔστι
1031 1078 1187 1139 LXXXIV.
1201 1076 1280 1138 Κατά
1291 1078 1354 1156 μίαν
1366 1085 1428 1138 ναῦν
1442 1080 1607 1160 τεταγμένον]
1623 1082 1691 1161 μίαν
1703 1085 1778 1168 έχω-

169 1162 218 1245 γάρ
232 1162 278 1223 καί
291 1162 445 1241 αὐτόματος.
460 1196 495 1204 -
514 1160 585 1234 Ἤδη
600 1161 671 1244 Ιγάρ]
684 1161 767 1220 πάλαι
782 1160 855 1221 ποτέ.
871 1183 944 1222 -ο.
991 1187 1033 1231 τες
1059 1163 1145 1224 ὀπίσω
1166 1169 1213 1237 τῆς
1234 1174 1303 1242 μιῦς.
1318 1167 1409 1228 -Ἐν
1426 1172 1495 1250 χρῷ]
1514 1169 1574 1229 ἀντὶ
1587 1175 1637 1230 τοῦ
1653 1175 1775 1247 πλησίαι.
1789 1205 1811 1246 1⁰

82 1281 86 1287 ·
129 1257 154 1295 ¹⁰
169 1252 274 1330 Τάλλα]
287 1250 357 1310 δεινδ
370 1250 497 1323 δηλονότι.
515 1247 737 1334 -Ἐλαχίστου]
749 1250 836 1328 ὀλίγου
854 1258 946 1331 καιροῦ
991 1250 1048 1310 ἔστι
1062 1250 1089 1311 δὲ
1104 1251 1236 1324 ἀποκοπή·
1249 1244 1482 1336 ήνγάρένχρωτί.
1496 1256 1598 1338 είρητσιι
1612 1257 1643 1318 δέ
1657 1261 1713 1322 ἀπὸ
1727 1288 1777 1341 μς·

167 1339 295 1412 δηλονότι.
315 1367 347 1381 -
365 1334 500 1420 Αθτῇ]τῇ
517 1340 602 1420 φλογί.
615 1373 656 1385 -
669 1334 813 1420 Διέφυγον]
831 1339 875 1397 τὸν
891 1338 948 1398 κίν-
990 1349 1105 1420 ταφορᾶς
1118 1344 1166 1412 τἠ“ς
1182 1349 1276 1422 κουρᾶς
1293 1346 1341 1415 τῆς
1358 1342 1420 1424 ἀχρι
1431 1348 1477 1403 τοῦ
1491 1344 1591 1425 χρωιδς
1609 1350 1775 1428 γιγνομένης

167 1433 250 1488 δυνον.
991 1455 1022 1470 ··
1035 1425 1159 1501 Δόκηοιν]
1176 1427 1261 1497 δόξαν.
1279 1463 1312 1476 -
1327 1429 1484 1508 Ἐμόαλιῖν]
1500 1443 1667 1512 προςπισεῖν.
1683 1438 1775 1513 -Ιὴ

205 1516 364 1576 LXXVIII.
386 1535 408 1574 α.
422 1512 490 1595 Περὶ
504 1511 647 1593 ἀρκτούρου
668 1514 802 1593 ἐπιτολάς]
818 1511 887 1573 κατδ
900 1512 946 1572 τδν
991 1516 1141 1596 ῖπιχειρεῖν]
1157 1521 1195 1597 τῷ
1214 1516 1333 1598 πολέμῳ.
1351 1553 1382 1564 -
1396 1518 1523 1599 Σημήνη]
1540 1523 1653 1600 σημεῖον
1670 1526 1721 1606 δῷ
1735 1562 1775 1576 -.

166 1602 328 1684 Ὀκτώύριον
342 1608 423 1680 μῆνα.
441 1632 475 1641 -
491 1621 513 1660 υ.
529 1601 765 1679 Ἐκκεκομισμένοι
778 1594 866 1685 ήσαν]
884 1600 946 1672 ἕξή-
990 1621 1013 1661 α.
1035 1601 1144 1674 Αὐτούς]
1167 1603 1225 1670 τοὺς
1242 1604 1404 1685 Κορινθίους.
1419 1635 1452 1648 -·
1472 1606 1532 1687 Ἐφ’
1553 1611 1653 1690 ἑαυτῷ]
1674 1611 1721 1671 ἐπὶ
1740 1619 1807 1697 ςῇιι

128 1700 151 1738 ίυ
165 1712 254 1767 γαγον.
274 1718 309 1727 -·
326 1708 349 1750 ι.
372 1690 489 1761 Τοιαύτη
505 1690 569 1769 μέν]
588 1693 612 1747 οί
633 1688 759 1757 διελόντες
782 1689 880 1763 ταύτην
898 1689 946 1761 τήν
991 1687 1092 1770 έξουσίορ
1107 1693 1195 1748 αὑτοῦ.
1213 1725 1243 1735 -
1254 1711 1277 1751 ιι.
1292 1694 1353 1752 Τῶν
1373 1715 1402 1751 τε
1419 1691 1530 1767 πλοίων]
1544 1698 1597 1754 τῶν
1612 1697 1729 1760 λεπτῶν.
1744 1737 1775 1748 -

164 1775 317 1857 συγγραφὴν
329 1778 554 1858 είςτριςκαίδεκα,
572 1779 682 1836 ἐνταῦθα
696 1779 726 1836 τὸ
740 1776 813 1846 τελος
827 1783 874 1850 τῆς
888 1777 945 1860 τρί·
991 1777 1262 1857 Παραγγελλομένων]
1285 1778 1522 1857 συμύουλευόντων.
1541 1819 1573 1832 -
1590 1786 1656 1844 Τῶν
1679 1789 1775 1848 κελεν·

164 1887 210 1936 της
219 1863 333 1945 ἱστορίας
344 1863 442 1945 ὥρισαν
454 1865 500 1925 καί
514 1865 600 1946 ἀρχὴν
609 1870 656 1936 τῆς
668 1864 803 1946 τετάρτης.
990 1868 1069 1937 στῶν]
1080 1869 1132 1924 τῶν
1147 1870 1304 1947 στρατηγῶν
1313 1867 1359 1926 καί
1368 1871 1420 1926 τῶν
1432 1867 1608 1948 κυύερνητῦιν.
1621 1901 1657 1913 -
1667 1875 1773 1954 Σημαί-

202 1954 330 2014 LXXIX.
352 1973 373 2011 ε.
388 1953 560 2035 Σπάρτωλον]
575 1958 591 2025 ἡ
607 1952 767 2033 Σπάρτωλος
781 1951 945 2033 προπαροξύ·
989 1957 1036 2022 νει]
1052 1953 1160 2029 σημεῖον
1178 1961 1256 2014 ποιεῖ.
1276 1992 1307 2004 -
1319 1952 1486 2035 Χωρήσειαν]
1505 1955 1661 2036 ὁρμήσειαν.
1680 1963 1774 2032 -Ἐς

163 2061 244 2100 νεται.
259 2070 290 2078 -
305 2039 363 2112 Τὴν
376 2038 520 2125 Βοττικήν]
532 2041 572 2099 ὀτι
583 2044 716 2102 Βοττιαῖοι
733 2039 837 2098 ἀποικοι
850 2042 945 2100 Μακε-
990 2038 1083 2111 ἀλκήν]
1102 2040 1128 2106 ἐς
1146 2038 1236 2119 μάχην
1258 2039 1385 2119 πολέμου.
1408 2071 1439 2084 -
1449 2062 1472 2103 ι.
1493 2043 1689 2125 Ἀνεχώρησαν]
1707 2050 1772 2110 ὑπέ-
1782 2075 1806 2115 ¹⁰

125 2133 152 2173 θ)
167 2124 255 2185 δόνων.
270 2128 320 2186 εἶσί
335 2128 363 2187 δὲ
378 2131 404 2187 ἐν
424 2129 581 2211 τῇθρᾴκῃ,
599 2127 710 2200 πλησίον
730 2126 895 2189 Χαλκιδέων.
914 2163 945 2172 -
989 2130 1112 2207 στρεψαν.
1123 2161 1164 2173 -·-
1176 2150 1198 2188 ο.
1212 2127 1352 2202 Ἐπίνειαν]
1367 2129 1477 2189 ἐπίνειον
1491 2132 1612 2191 καλεῖται
1621 2143 1678 2195 πᾶν
1689 2138 1773 2216 ἐμπό-

165 2213 384 2298 Προςχωρήσειν]
400 2224 453 2283 τοῖς
477 2215 617 2288 Ἀθηναίοις
640 2214 768 2286 δηλονότι.
786 2255 822 2265 -
851 2219 943 2276 Τῶν...
988 2212 1079 2293 ριον,ἦ
1093 2212 1205 2293 παρδτδ
1217 2214 1386 2295 ἐπινήχεσθαι
1400 2216 1654 2301 αῦτδτῇθαλάσση,
1666 2221 1685 2295 ἢ
1698 2224 1772 2308 παρά

165 2299 340 2385 βουλομένων]
358 2308 410 2363 τῶν
427 2303 464 2381 μὴ
483 2302 607 2362 θελόντων
630 2304 793 2382 παραδοῦναι
814 2303 942 2376 δηλονότι.
987 2298 1017 2359 τδ
1031 2301 1057 2359 ἐν
1072 2303 1143 2383 αὐτῷ
1156 2299 1202 2368 τάς
1215 2302 1328 2370 ὁλκάδας
1341 2302 1496 2383 νήχεσθαιῆ
1511 2304 1641 2368 ὀκέλλειν.

163 2385 217 2460 ηδε
228 2386 354 2458 Ὄλυνθος
365 2392 524 2472 μητρόπολις
535 2390 699 2452 Χαλκιδέων.
712 2423 747 2433 -
767 2413 789 2452 ο.
809 2393 864 2452 Καί
877 2395 943 2450 ἀνα·
1027 2388 1169 2450 LXXXV.
1187 2387 1248 2449 Ὑπ’
1263 2390 1357 2468 ὀλίγων
1371 2393 1445 2461 νεῶν]
1458 2394 1510 2449 τῶν
1526 2391 1679 2464 Ἀθηναίων.
1694 2432 1737 2445 -
1748 2419 1770 2460 2.

162 2475 303 2562 χωροῦσιν]
316 2482 339 2538 οῖ
352 2479 490 2552 Ἀθηναῖοι.
507 2511 541 2521 -
555 2499 575 2538 ο.
590 2478 770 2558 Ἐνεδίδοσαν]
782 2479 942 2558 ὑπεχώρουν,
987 2475 1097 2553 Πρῶτον
1117 2475 1265 2555 ναυμαχίας
1282 2475 1493 2558 πειρασομένοις]
1509 2482 1536 2539 ίν
1549 2483 1588 2562 τῷ
1601 2485 1771 2560 Πελοποννη-
1781 2511 1804 2551 τε

122 2568 149 2608 ²⁵
162 2563 186 2619 οί
198 2565 338 2632 Χαλκιδεῖς
352 2566 469 2638 δηλονότι
481 2564 526 2622 καί
539 2568 562 2624 οῖ
574 2565 751 2643 Σπαρτώλιοι.
764 2597 798 2607 -
807 2555 844 2650 ᾞ
859 2567 942 2644 δοκοῖ]
986 2565 1070 2643 σιακῷ
1081 2564 1190 2644 πολέμῳ
1200 2563 1327 2636 δηλονότι.
1339 2599 1381 2611 -··
1394 2564 1428 2626 ‘0
1440 2566 1598 2645 παράλογος]
1609 2569 1642 2630 τὸ
1653 2574 1729 2656 παρὰ
1741 2575 1770 2636 τὸ

162 2650 220 2708 καθ’
234 2651 248 2711 δ
263 2652 338 2733 μέρος
356 2653 485 2731 ἐνομίζετο
504 2655 591 2720 αὐτοῖς
609 2651 750 2733 συμφέρον.
770 2651 800 2711 τδ
819 2653 847 2713 δὲ
870 2656 944 2713 δοκοῖ
986 2648 1152 2729 ίνδεχόμενον
1163 2651 1289 2731 γενέσθαι.
1302 2687 1342 2698 -
1355 2655 1429 2714 Οὐ...
1444 2658 1516 2736 σφῶν
1530 2654 1695 2718 τδναυτικδν
1715 2663 1771 2722 λαί-

161 2738 250 2818 τρίτης
267 2739 396 2818 συζυγίας.
411 2775 442 2784 -
464 2739 529 2800 Ἐπί
555 2736 641 2823 πολύ]
659 2740 792 2818 διάστημα
809 2740 939 2813 δηλονότι.
985 2740 1090 2808 πεσθαι]
1106 2740 1134 2796 οῦ
1153 2739 1211 2797 κατ’
1223 2739 1361 2820 ἐμπειρίαν
1378 2745 1425 2799 τοῦ
1438 2749 1561 2801 ναυτικοῦ
1573 2744 1721 2809 λείπεσθαι.
1734 2787 1770 2798 -

162 2868 191 2876 -
206 2827 409 2907 7.Ἀνελόμινοι]
429 2827 611 2894 ἀναλαῦόντες.
636 2866 668 2878 -
684 2828 847 2902 Διελύθησαν
871 2829 941 2889 κατδι
984 2825 1043 2883 Οὔκ
1066 2825 1243 2898 ἀντιτιθέντες]
1265 2829 1311 2886 σῦκ
1336 2828 1618 2909 ἀντιπαραύάλλοντες.
1634 2863 1671 2874 -
1686 2835 1768 2916 Ὀργῖ]

160 2919 260 2998 πόλεις]
268 2918 376 2984 ἕκαστος
389 2909 466 2989 ἦλθεν
477 2919 512 2984 είς
527 2915 576 2987 τὴν
587 2916 684 2975 οἰκείαν
696 2918 780 2976 πολιν.
984 2903 1028 2970 οῦν
1040 2911 1209 2986 ἀπέστελλον]
1223 2913 1382 2994 ὀργιζόμενοι
1399 2916 1558 2977 ἀπέστελλον
1573 2918 1633 2987 τοὺς
1647 2903 1767 3000 συμόούᾸ
1778 2946 1802 2986 ω

122 3027 149 3067 ευ
199 3008 314 3070 LXXX.
337 3004 594 3086 Καταστρέψασθαι]
620 3005 754 3085 ἀφανίσαι.
775 3039 807 3052 -
822 3006 872 3068 Ἐκ
894 3010 940 3078 τῆς
983 3001 1045 3067 λαις.
1060 3029 1095 3039 -
1108 3022 1130 3061 ο.
1147 3001 1292 3081 Γορτύνιος]
1314 3001 1397 3062 ίατίον
1412 3002 1452 3062 ὅτι
1471 3008 1488 3076 ἡ
1509 3004 1605 3087 Γόρτυς
1619 3009 1697 3078 πόλις
1711 3011 1767 3071 ἐστὶ

162 3093 333 3175 ξυμμαχίδος]
344 3097 392 3171 γῆς
402 3092 529 3166 δηλονότι.
544 3112 607 3153 -ο,
621 3091 824 3175 Περιήγγειλαν]
839 3117 940 3153 παντα-
985 3087 1092 3170 Κρήτης
1106 3087 1241 3167 ἀπέχουσα
1257 3089 1392 3158 Κυδωνίας
1409 3091 1503 3170 σχεδὸν
1517 3093 1637 3163 σταδίους
1654 3097 1766 3175 χιλίως·

160 3189 242 3264 ταχοῦ
260 3180 404 3258 ἐμήνυσαν.
425 3214 456 3227 -
473 3199 495 3239 ο.
518 3179 646 3246 Ἀποίκοις
666 3171 733 3252 οῦσι]
748 3186 795 3252 τῆς
814 3181 939 3263 Κορίνθου
982 3176 1028 3235 καί
1037 3174 1106 3234 ἔστιν
1117 3176 1250 3248 ἀπίθανον,
1261 3166 1327 3234 εἶναι
1336 3177 1464 3254 πολεμίας
1475 3181 1601 3252 ἀλλήλαις
1611 3182 1767 3253 ταύταςτὰς

160 3269 315 3346 δηλονότι]
329 3268 369 3326 ὅτι
383 3267 579 3348 Ἀμιιριιχιῶιιιι
590 3267 692 3326 ἄποικοι
708 3268 858 3347 Κορινθίων,
871 3305 902 3316 -
917 3291 937 3330 ⁵.
982 3263 1078 3330 πόλεις.
1095 3263 1184 3344 ῥητέον
1195 3254 1239 3322 οῦν
1253 3262 1292 3322 ὀτι
1303 3264 1431 3342 πολεμίαν
1442 3264 1568 3344 λέγειτὴν
1582 3270 1765 3353 Κυδωνίαντῇ

160 3357 216 3420 Καὶ
230 3353 314 3439 αὐτῷ]
324 3359 360 3437 τῷ
373 3356 484 3437 Κνήμῳ.
497 3391 528 3400 -
539 3354 728 3435 Ἀθασίλευτοι]
744 3355 781 3433 μὴ
795 3357 938 3435 νομίζοντες
983 3350 1111 3430 Πολίχνη,
1126 3342 1163 3417 οἷς
1174 3350 1242 3418 είκὸι
1255 3351 1408 3431 χαρίζεσθαι
1419 3351 1487 3411 κατὰ
1500 3354 1588 3435 φιλίαν
1599 3356 1645 3415 τὸν
1658 3359 1764 3424 Νικίαν.
1777 3381 1800 3422 ια

120 3460 146 3500 ου
159 3446 229 3525 ἔχειν
239 3447 368 3526 βασιλεῖς,
379 3441 447 3502 ἀλλά
459 3442 536 3520 μόνον
544 3443 673 3520 ἡγεμόνας
680 3444 725 3502 καί
735 3444 937 3525 ἄρχοντας-ο.
981 3472 1012 3482 -
1029 3437 1228 3519 Προσιοιήσειν]
1243 3438 1340 3497 οἰκείαν
1351 3440 1478 3511 ποιήσειν.

159 3513 374 3614 ’ΚπιτρέψαντοςῙ
385 3529 415 3589 τδ
428 3530 518 3610 ἄρχειν
529 3530 661 3602 δηλονότι,
673 3531 719 3591 καλ
730 3522 796 3591 εῖναι
806 3535 936 3614 αὐτοκρά-
1022 3526 1176 3587 LXXXVI·
1198 3525 1246 3586 Ἐν
1264 3525 1358 3607 τούτῳ]
1373 3531 1412 3608 τῷ
1423 3527 1519 3609 χρόνῳ·
1532 3559 1568 3569 ·’
1579 3549 1602 3592 ³·
1614 3532 1763 3613 Λίσίχινον]

160 3643 236 3700 τορα,
253 3621 297 3678 τὸν
314 3618 436 3698 Ὀροιδον
454 3620 550 3698 ἀμφοῖν
567 3621 622 3676 τοῖν
639 3621 729 3677 έθνοῖν.
741 3659 772 3668 -
785 3641 807 3680 ο.
823 3619 874 3680 Διά
891 3626 938 3693 τῆς
981 3612 1149 3694 κεχώρισθον.
1165 3644 1199 3654 -
1211 3636 1232 3674 ιι.
1249 3612 1371 3691 Γνώμην]
1387 3614 1493 3677 σκοπόν.
1504 3650 1535 3662 -
1547 3621 1583 3678 Οί
1600 3618 1660 3696 μέν]
1673 3624 1765 3682 υίΠε·

159 3707 284 3787 Ἀργείας]
295 3710 342 3778 τῆς
353 3707 548 3787 Ἆμφιλοχικῆς.
563 3741 594 3750 -
603 3705 667 3767 Ἐπί
679 3708 809 3788 Στράτον]
821 3712 937 3781 θηλυκῶς
980 3700 1154 3771 λοποννήσιοι.
1169 3736 1201 3750 ·-
1213 3702 1249 3760 Οἱ
1259 3699 1297 3772 δέ]
1312 3705 1336 3759 οί
1351 3704 1490 3774 Ἀθηναῖοι.

157 3790 316 3873 ἡΣςρᾶτος,
832 3784 836 3792 “
1020 3791 1188 3852 LXXXVII.
1211 3788 1244 3850 ‘H
1262 3789 1309 3868 μέν
1328 3792 1454 3870 γενομένη
1471 3793 1618 3873 ναυμαχία]
1635 3799 1654 3866 ι]
1672 3796 1762 3867 στάσις
1773 3815 1798 3856 ευ

117 3897 145 3937 ευ
197 3882 326 3941 LXXXI.
347 3877 514 3958 Κελεύοντες]
526 3884 735 3960 παρακινοῦντες.
749 3917 790 3928 -
803 3883 936 3966 Ἐρήμην]
980 3876 1305 3959 πραγματική,οίγραφος,
1318 3877 1399 3947 εἴδους
1413 3879 1645 3958 συμόουλευτικαῦ.
1658 3919 1690 3931 -
1703 3885 1761 3958 Τὴν

157 3966 254 4047 ἔρημον
274 3965 408 4048 φυλάκων.
427 4001 467 4012 ·-
487 3987 508 4028 α.
527 3967 596 4047 Τρία
616 3965 678 4040 τελη
697 3969 863 4051 ποιήσαντες]
889 3975 936 4030 οὐκ
980 3964 1137 4042 μέλλουσαν]
1152 3965 1312 4044 ναυμαχίαν.
1326 4001 1357 4010 -
1370 3966 1535 4048 Τέκμαρσιν]
1551 3971 1714 4050 στοχασμόν.
1730 4008 1762 4020 -

157 4055 201 4114 ε’πλ
214 4059 310 4133 μῆκος,
323 4053 382 4112 ἀλλ’
396 4052 440 4111 ἐπὶ
456 4053 561 4121 πλάτος.
575 4091 616 4101 ·-
628 4075 650 4116 ο.
666 4058 781 4136 Διεῖχον]
797 4057 934 4118 διίσταντο.
980 4052 1155 4133 Ἐκφούῆσαι]
1170 4053 1228 4111 ἀντί
1242 4059 1287 4113 τοῦ
1301 4053 1475 4136 ἐκφοῦεῑσθαι.
1489 4094 1520 4107 -
1530 4076 1552 4116 2.
1565 4059 1625 4117 Οὐκ
1644 4060 1734 4138 ὀλίγα]
1746 4065 1762 4121 θ

157 4184 195 4196 -
208 4162 229 4202 ε.
242 4145 268 4203 Τ
269 4140 418 4220 εταγμένοι]
424 4141 563 4209 εὐτάκτως.
578 4174 613 4184 -
626 4141 678 4202 Διά
692 4147 809 4226 φυλακῆς
822 4145 934 4226 ἔχοντες]
980 4139 1086 4217 ἄνεμος,
1096 4140 1142 4199 καί
1154 4144 1171 4211 ἡ
1183 4143 1209 4199 ἕν
1223 4139 1312 4222 κύκλῳ
1323 4141 1393 4210 τσίίῑι
1405 4146 1457 4201 τῶν
1468 4147 1546 4218 νεῶν,
1556 4146 1603 4204 καί
1613 4145 1644 4205 τδ
1656 4147 1695 4225 μὴ
1709 4172 1761 4209 τα·

157 4229 263 4298 ἑαυτούς
282 4230 410 4303 δηλονότι.
428 4264 469 4275 -
488 4230 535 4291 Ἐν
550 4231 700 4312 ἐπιτηδείῳ]
712 4230 788 4314 χώρα
808 4234 934 4305 δηλονότι.
978 4226 1045 4307 χίας
1063 4227 1155 4294 αὐτοὺς
1166 4231 1376 4309 έπιχιιρῆσαιτῇ
1398 4231 1550 4312 ναυμαχίᾳ,
1568 4232 1638 4292 ἀλλά
1651 4234 1700 4306 τήν
1713 4241 1796 4300 τοῦιτ

117 4348 143 4386 ιι
157 4352 195 4365 -
209 4317 391 4396 Πιστεύοντες]
403 4320 562 4399 θαρροῦντες.
572 4355 612 4364 -
623 4319 790 4400 Ἀξιούμενοι]
805 4320 870 4389 άζιοι
879 4345 936 4403 κρι-
979 4316 1133 4395 Φορμίωνος
1151 4315 1289 4394 ἀναμένειν
1311 4315 1354 4375 διὰ
1368 4324 1413 4378 τοῦ
1428 4318 1524 4396 ἀνέμου
1542 4323 1714 4401 στρατηγίαν·
1729 4359 1761 4371 -

156 4405 267 4484 νόμενοι.
281 4441 321 4451 -
335 4405 479 4485 Ἐπέσχον]
493 4406 710 4488 ίνεκαρτέρησαν.
725 4442 766 4452 -
776 4408 816 4468 Τὸ
825 4408 934 4491 στρατό-
978 4400 1109 4483 Ἔσμηλσ]
1130 4405 1259 4485 σφαλῆναι
1277 4404 1406 4478 ἐποίησεν.
1421 4441 1452 4456 -
1465 4426 1487 4466 ³.
1504 4407 1573 4466 Οὐδὲ
1593 4407 1694 4469 δίκαιον
1713 4415 1761 4484 τῆς

155 4492 245 4572 πεδον]
257 4493 287 4552 τὸ
304 4493 335 4553 τό
352 4493 471 4574 περιττὸν
492 4501 627 4552 κεῖται-
639 4493 779 4572 Αύτοῦοεί]
800 4499 848 4575 βοῇ
868 4496 934 4577 μόνη
978 4488 1164 4567 γνώμηιωίῖθ
1178 4489 1286 4562 ἑξῆςιοῦ
1295 4490 1445 4563 δίκαιοντῆτ
1454 4491 1558 4571 γνώμης
1567 4492 1597 4552 το
1610 4497 1647 4572 μή
1656 4497 1760 4570 νικηθὲν

155 4580 326 4662 χρησόμενοι.
343 4608 374 4618 -
387 4579 656 4662 Αύτούοει]”ομηρυς
669 4590 707 4654 [ll.
723 4586 754 4656 Γ,
768 4603 781 4642 υ
794 4594 819 4643 σί
832 4592 865 4657 ο]
894 4631 897 4639 .
978 4575 1047 4634 κατὰ
1061 4575 1153 4657 κραίνοι
1170 4576 1355 4653 οἷμύλύνισθσι.
1371 4583 1478 4652 -Τῆι
1493 4579 1673 4665 ζυμφσρᾶςτῷ
1688 4588 1760 4645 ἀπο-

253 4721 264 4730 ,
551 4722 557 4740 ι
604 4720 611 4737 ‚
979 4663 1063 4736 ῦάντι]
1078 4668 1111 4743 τῇ
1128 4663 1251 4743 ἀπούάσῃ
1267 4676 1397 4748 συμφορᾷ.
1416 4687 1447 4700 “·
1467 4666 1668 4744 Ἀμόλύνεσθαι]
1690 4675 1758 4733 ἀνα·
1770 4701 1795 4739 ιο

216 4723 294 4785 Τίωες
304 4720 344 4784 ΓΤ
355 4723 459 4784 'hm'
505 4721 550 4770 οἶδ
575 4721 604 4785 Τ
618 4721 673 4770 ΓΤ
684 4727 748 4785 ΜΤ·
977 4748 1089 4810 πίπτειν.
1145 4753 1212 4818 Ταῖς
1226 4751 1253 4811 δὲ
1266 4752 1417 4833 γνώμαις...
1434 4754 1566 4834 ἀνδρείους
1576 4759 1658 4838 ὀρθῶς
1674 4750 1754 4833 εἶναι]

117 4872 142 4910 w
156 4863 185 4874 -
197 4856 220 4895 ο.
242 4834 455 4913 Μεμονωμένων]
473 4833 658 4914 διεζευγμένων
674 4840 720 4906 τῆς
731 4839 783 4895 τῶν
798 4836 933 4911 Ἐλλήνων
978 4838 1046 4918 ἔχειν
1069 4838 1125 4908 τοῦς
1139 4839 1288 4922 ἀνθρώπους
1309 4845 1450 4914 ἑστηκυῖαν
1465 4842 1512 4914 τὴν
1530 4841 1637 4921 γνώμην
1656 4847 1756 4927 καὶμὴ

156 4920 319 5001 συμμαχίας.
334 4953 368 4963 -
382 4943 404 4983 ο.
422 4923 467 4990 Ἐς
479 4922 558 5004 φόόον
574 4923 771 5003 καταστάντων]
788 4925 866 5004 ἤγουν
883 4950 932 5008 φυ-
978 4929 1197 4986 ύποπεπτωκυῐαν
1210 4936 1263 4995 τοῖς
1281 4930 1380 4998 δεινοῖς.
1393 4966 1434 4975 -
1443 4930 1547 4998 Κακοὺς
1558 4931 1689 5010 γενέσθαι]
1704 4935 1757 4996 ἀπὸ

154 5008 260 5084 γόντων.
282 5035 313 5045 -
335 5009 445 5090 Αύτούς]
471 5009 529 5078 τοῦς
554 5010 668 5079 Χάονας.
692 5048 724 5062 ·-
740 5033 763 5073 ο.
788 5013 934 5075 Ἐνέκειντο
978 5020 1061 5073 κοινοῦ
1082 5013 1109 5073 δέ
1128 5015 1158 5074 τὸ
1172 5015 1279 5078 δίκαιον.
1295 5053 1326 5063 -
1340 5038 1362 5079 ι.
1381 5017 1524 5100 Προέχετε]
1543 5022 1594 5077 τῶν
1613 5019 1755 5094 Ἀθηναίων

155 5095 303 5175 φεύγοντες]
316 5098 395 5177 ἤγουν
415 5095 484 5157 κατδι
500 5098 594 5182 κράτος
617 5099 732 5182 ἔφευγον.
756 5129 786 5142 -
809 5101 934 5181 Ἀνελάμ-
978 5103 1105 5174 δηλονότι.
1120 5104 1206 5165 -·Ἡ
1230 5104 1373 5184 ἐπιστήμη]
1396 5111 1412 5179 ἡ
1434 5105 1581 5184 γυμνασία,
1605 5112 1623 5179 ἡ
1648 5110 1758 5187 μελέτη.
