3676 5828
832 325 886 375 tao

189 454 226 526 in
254 452 324 527 hac
353 455 513 526 editione
541 452 709 524 codicum
735 452 799 548 qui
824 450 965 546 singula
990 447 1127 520 scholia
1152 443 1354 545 praeberent
1377 439 1521 510 omitte-

188 593 313 649 rentve
337 577 553 650 distinctio:
583 601 664 673 quae
684 590 724 646 ut
751 576 890 646 criticas
915 554 1132 671 quaestiones
1154 568 1327 666 quasdam
1352 564 1522 663 praeclare

187 699 349 795 adjuvet,
370 702 519 772 minime
549 716 667 772 tamen
688 700 756 797 ipsi
779 714 915 788 naturae
945 697 1167 768 scholiorum
1190 690 1400 789 respondet,
1422 688 1521 759 velut

188 823 383 920 respondet
405 824 444 893 in
466 823 751 919 Aristophanicis
775 823 984 920 plerisque:
1010 845 1094 890 uam
1118 817 1176 889 vel
1201 814 1330 913 optimi
1354 812 1520 896 codices,

189 946 297 1016 ltalus
323 946 491 1034 Bekheri,
521 946 761 1035 Cassellanus,
781 950 1032 1041 Augustanus,
1062 941 1265 1013 recentium
1292 953 1328 1009 et
1353 937 1522 1008 indocto-

189 1092 271 1136 rum
300 1069 552 1163 magistrorum
583 1069 788 1139 notationes
812 1067 972 1138 ollerunt
998 1065 1052 1137 vel
1080 1064 1200 1135 sutiles
1230 1060 1285 1133 vel
1314 1061 1429 1131 salsas.
1455 1063 1513 1128 Dr·

188 1189 275 1261 inde
294 1191 332 1261 in
360 1191 482 1262 multis
511 1190 696 1262 vocabulis
719 1215 799 1288 quae
822 1190 960 1287 ubique
980 1203 1249 1286 permutantur,
1272 1185 1309 1256 id
1328 1184 1514 1282 posuimus

187 1312 289 1409 quod
315 1337 371 1383 res
393 1312 615 1410 postulabat,
644 1339 760 1410 quum
787 1318 911 1411 Poppo
938 1311 1119 1408 ejusmodi
1147 1307 1419 1381 emendationes
1443 1305 1515 1401 ple·

189 1461 342 1533 rumque
362 1436 400 1506 in
422 1435 796 1507 animadversionibus
814 1436 1023 1524 indicasset,
1045 1434 1166 1506 relicta
1185 1435 1359 1529 scriptura
1377 1431 1515 1500 vitiosa.

185 1560 363 1630 Asterisco
378 1575 498 1630 autem
521 1574 695 1631 notantur
712 1586 838 1632 omnes
851 1561 903 1631 illi
918 1561 1007 1650 loci,
1030 1585 1188 1657 quorum
1207 1554 1413 1628 emendatio
1433 1580 1522 1625 non·

188 1682 297 1751 nullis
312 1680 432 1778 paullo
447 1679 617 1752 audacior
636 1681 750 1752 videri
773 1685 905 1779 possit,
918 1683 974 1753 vel
990 1682 1054 1752 ubi
1068 1682 1299 1775 corriguntur
1315 1676 1520 1748 scholiasta

186 1803 367 1875 librariive
382 1803 504 1900 lapsus
518 1804 713 1892 manifesti,
729 1805 829 1876 verbi
843 1830 965 1876 caussa
980 1804 1269 1876 Lacedaemonios
1284 1800 1520 1871 memorantis

186 1948 253 2020 pro
278 1923 570 2028 Atheniensibus.
592 1927 682 2010 Quae
715 1924 785 1995 fere
816 1926 957 2015 omnia,
984 1927 1059 1996 sive
1082 1924 1128 1996 de
1151 1922 1359 2018 conjectura
1379 1923 1454 1991 sive
1478 1945 1520 1989 ex

186 2046 374 2117 codicibus
390 2062 567 2135 correcta,
582 2046 870 2117 subministravit
888 2048 1040 2144 diligens
1054 2047 1244 2118 annotatio
1264 2045 1469 2142 Popponis,
1487 2044 1518 2112 si

188 2167 350 2240 discedas
370 2169 416 2239 ab
431 2170 562 2240 iambis
580 2175 723 2240 Tzetzae.
747 2173 817 2240 Eos
836 2172 955 2260 enim,
975 2173 1129 2267 pessime
1149 2185 1309 2241 exaratos
1337 2170 1374 2238 in
1394 2167 1521 2238 codice

188 2290 366 2379 Palatino,
386 2289 445 2361 ille
459 2289 551 2361 adeo
577 2290 747 2386 neglexit,
767 2306 807 2361 ut
823 2291 891 2362 sibi
910 2292 1142 2390 persuaderet
1158 2323 1175 2358 ο
1190 2291 1236 2363 ab
1256 2294 1335 2388 ipso
1354 2289 1520 2375 librario,

186 2413 250 2509 qui
271 2409 372 2482 hunc
389 2412 552 2483 codicem
575 2414 818 2511 transcripsit,
837 2415 1051 2487 conlectos»
1068 2440 1145 2487 esse
1162 2417 1209 2512 (l,
1227 2442 1261 2505 a,
1277 2440 1312 2512 p.
1328 2413 1403 2510 69),
1418 2415 1519 2511 quod

187 2536 293 2630 louge
314 2535 416 2605 aliter
445 2560 482 2605 se
507 2534 641 2607 habere
664 2538 787 2608 omnia
801 2527 976 2609 'clamant
1009 2543 1098 2629 Nos,
1127 2540 1216 2611 dum
1236 2539 1396 2637 plagulas
1419 2554 1521 2635 typo-

188 2657 368 2728 thetarum
395 2659 619 2754 legebamus,
646 2661 735 2731 locis
758 2686 833 2732 non
865 2663 989 2759 paucis
1019 2663 1253 2734 adhibuimus
1284 2662 1520 2752 medicinam,

186 2806 342 2878 quorum
361 2782 533 2878 majorem
554 2798 648 2853 certe
672 2798 812 2880 partem
829 2800 924 2855 recte
946 2800 1105 2856 sanatam
1129 2810 1204 2857 esse
1222 2787 1426 2883 opinamur.
1451 2789 1521 2855 lm·

188 2928 321 2974 mensae
335 2904 601 3002 depravationis
619 2908 802 3004 specimen
824 2933 939 2978 uuum
963 2924 1052 2981 esto.
1074 2910 1126 2980 hd
1152 2910 1229 2980 haec
1247 2909 1354 2980 verba
1375 2909 1518 3005 Thucy·

187 3035 298 3124 didiS,
314 3041 357 3124 V,
382 3041 421 3123 td
445 3039 522 3108 init.
538 3065 546 3108 :
563 3038 677 3117 Eure'tin
692 3070 725 3111 τε
750 3044 832 3121 εὐθὺς
850 3043 930 3136 μετὰ
953 3049 1007 3120 τὴν
1030 3052 1059 3114 ἐν
1076 3036 1249 3138 Ᾰμριπόλει
1272 3043 1374 3138 μοίχην
1396 3046 1447 3113 καὶ
1465 3051 1520 3121 τήν

187 3155 326 3263 Puppim
353 3171 544 3263 ἀναχώρησιν
571 3176 606 3240 lu
633 3175 822 3255 Θεσσαλίας,
851 3181 930 3242 ὥστε
956 3178 1090 3270 πολέμου
1118 3177 1170 3268 μὶν
1195 3169 1290 3268 μηδὲν
1313 3179 1359 3243 ἔτι
1384 3175 1521 3265 ἅψασθαι

189 3292 391 3394 μηδετέρους,
411 3303 486 3396 πρὸς
508 3294 543 3369 δὲ
557 3308 613 3378 τὴν
636 3304 750 3398 εἰρήνην
775 3310 893 3396 μᾶλλον
913 3310 969 3379 τὴν
988 3310 1110 3400 γνώμην
1131 3304 1229 3400 εἶχον,
1253 3309 1281 3375 οἱ
1302 3309 1355 3400 μὲν
1374 3299 1521 3382 Ᾱθηναῖοι

187 3439 255 3501 κτλ.
275 3432 492 3502 ascribitur:
512 3417 613 3529 Ωστε]
635 3430 788 3516 Theto-

470 3724 689 3808 Bullorfpalpou†
703 3707 816 3826 οΞπᾶν
831 3729 856 3811 †
868 3734 976 3812 παρῆκα
988 3731 1025 3811 μὴ
1038 3731 1111 3802 ξίων.

467 3831 485 3906 §
499 3829 548 3889 Ἐν
558 3835 596 3911 τῷ
611 3830 660 3910 μὲν
672 3831 697 3913 †
709 3857 754 3892 στε
767 3833 834 3902 [elur
845 3833 871 3915 †
882 3838 917 3902 ὥς
935 3835 1051 3910 Τζίτζης
1064 3837 1174 3921 γροίριι·

467 3931 531 4015 ἄρξῃ
546 3934 569 3993 δ’
583 3937 680 4018 ἀπαρτὶ
693 3943 740 3997 τοῦ
755 3942 802 4010 fl<
814 3938 916 4020 εἰρήνης
930 3940 1016 4018 λόγου.

468 4040 639 4110 σολοικοεεδὲς
651 4043 696 4102 καὶ
709 4043 826 4104 σόλοικον
839 4043 865 4125 †
877 4046 957 4126 τάχα.

190 4331 239 4397 lta
255 4324 332 4395 hac
352 4323 467 4395 edidit
490 4330 631 4424 Poppo,
654 4328 691 4398 in
712 4331 948 4402 annotatione
968 4333 1148 4406 reserens:
1167 4367 1184 4402 α
1199 4336 1288 4407 Inde
1311 4361 1330 4407 a
1357 4341 1521 4411 secundo

189 4481 310 4545 versu,
331 4457 395 4528 ubi
415 4460 468 4552 μὲν
493 4429 543 4527 οἷν
564 4457 709 4552 legitur,
731 4458 808 4531 haec
827 4461 873 4531 ad
887 4468 962 4558 πρὸς
980 4461 1015 4535 tt
1035 4473 1091 4545 τήν
1110 4469 1251 4565 appicta
1269 4484 1365 4539 sunt.
1381 4473 1522 4541 Tertius

190 4614 312 4659 versus
335 4589 372 4659 in
392 4587 487 4659 libro
502 4588 553 4658 sic
571 4588 764 4660 scribitur:
782 4590 857 4690 ἄρξῃ
872 4589 902 4664 δ’
915 4600 1026 4689 draps*
1040 4612 1099 4681 πῆς
1112 4599 1195 4695 (sic)
1208 4614 1263 4672 τοῦ
1278 4604 1403 4698 εἰρήνην
1414 4607 1519 4699 λόγου.

189 4723 227 4788 ln
247 4719 377 4815 quinto
394 4744 495 4791 versu
516 4744 583 4817 pro
598 4723 679 4815 τάχα
699 4721 749 4792 ihi
764 4739 817 4795 est
831 4731 923 4822 τύχα.
941 4728 1011 4799 Sed
1029 4745 1100 4800 tam
1119 4732 1211 4802 male
1225 4731 1302 4804 haec
1316 4734 1410 4830 picta
1434 4751 1522 4805 sunt

191 4862 228 4918 ut
245 4848 313 4945 legi
334 4854 388 4922 vix
408 4855 559 4949 possint.
577 4887 593 4922 a
613 4859 701 4942 Quae
727 4859 774 4929 ita
795 4861 1049 4933 constituenda
1068 4888 1145 4935 esse
1167 4867 1313 4962 putavi:
1331 4851 1439 4963 hore]
1461 4864 1519 4950 Τζ.

469 5082 651 5170 Βνόλογρᾶρου
662 5090 674 5115 ’
687 5088 800 5169 στιγμὴν
815 5095 923 5165 nachan
939 5092 976 5168 μὴ
992 5092 1065 5163 Eius.
