3676 5828
183 322 237 372 ιον
831 301 1003 367 sellom.
1023 302 1109 376 vul,
1131 312 1257 367 τε-ει,
1423 385 1424 389 γ

181 440 284 521 είρξειν]
295 438 326 498 τδ
338 436 427 519 εἴρξειν
439 435 497 495 ἀντί
506 441 552 495 τοῦ
563 424 644 517 εἶρξαι
656 436 749 493 κεῖται.
760 432 791 491 τδ
805 431 847 504 δέ,
857 431 917 510 ἵνα,
929 430 961 502 ἤν
1040 435 1169 495 LXXXI.
1192 434 1247 496 Καὶ
1259 404 1334 502 τέλος
1347 434 1393 493 ἀπ’
1407 432 1561 515 ἐκκλησίας]
1577 435 1638 508 ἤτοι
1652 439 1680 496 έν
1692 441 1773 514 &alq-

182 528 219 606 μὴ
232 523 415 599 ὑπακούσωσι,
428 522 586 595 τεθνήκωσι,
599 521 689 600 ἤγουν,
703 519 735 591 ἤν
750 520 787 599 μὴ
803 517 960 579 θπακούσω·
1001 519 1060 600 σίφ,
1072 522 1118 581 καῖ
1135 524 1183 582 οθκ
1201 521 1315 594 άλλωςῆ
1334 525 1360 582 ἐν
1378 530 1426 603 μιᾷ
1441 522 1581 605 έκκλησίφ.
1597 558 1633 570 -
1646 546 1670 587 τ.
1684 528 1772 599 Τήντι

181 636 222 672 σιν
234 617 258 673 οί
271 616 297 672 ἐν
311 612 414 693 Σάμῳ,
432 610 595 670 ἀποθάνωσιν
609 611 695 668 αὐτῶν
707 610 731 667 οί
743 606 921 687 προσήκοντες.
1002 608 1068 667 ἰδίαν
1078 608 1210 691 ξυμφορὰν
1219 615 1265 681 τῆς
1275 615 1356 691 φυγῆς
1364 608 1518 690 έπητίασεν]
1528 611 1611 690 ἤγουν
1623 614 1773 692 ἐπῃτιάσω

221 703 337 763 LXXV.
358 722 381 760 ε.
393 703 450 772 Τῆς
463 698 621 776 μεταβολῆς]
635 695 681 767 τῆς
695 696 747 755 άπδ
758 694 912 776 ὀλιγαρχίας
926 697 961 762 εἰς
1001 693 1059 763 τούς
1073 695 1219 767 Ἀθηναίους
1233 695 1354 777 περὶτῆς
1368 696 1434 764 ἰδίας
1448 694 1583 779 ξυμφορᾶς
1594 701 1642 771 τῆς
1654 699 1723 759 ειατδ
1734 701 1773 774 τῆν

154 787 368 869 εδημοκρατέαν.
380 834 412 847 -
421 778 460 847 Ἦ
473 785 525 864 μῆν
540 782 785 865 δημοκρατήσεσθαί
805 783 847 862 τε]
864 781 962 864 γράφε·
1002 781 1095 863 φυγήν.
1108 814 1143 825 -
1160 782 1367 865 Ἀνωλοφύρατο]
1379 785 1460 864 ἤγουν
1474 782 1508 843 τδ
1520 788 1617 845 ἑαυτοῦ
1630 786 1703 859 πάθη
1716 789 1792 866 μισθς

104 887 105 890 ’
180 898 238 948 ται,
249 867 266 948 ἤ
279 874 332 953 μὴν
348 871 594 954 δημοκρατήσεσθαί
611 895 654 944 τε,
673 869 719 929 καί
735 870 897 949 ὁμονοήσειν,
916 869 962 929 καὶ
1000 870 1150 953 ὀλοφυρμοῦ
1173 871 1188 902 ⁴¹
1210 871 1363 951 διηγήσατο.
1388 903 1424 913 -
1453 871 1507 934 Καὶ
1531 875 1556 932 οί
1575 873 1603 932 ἐν
1627 876 1662 954 τῆ
1688 874 1774 958 Σάμῳ]

180 961 239 1030 τοθς
251 962 432 1042 τετρακοσίους
443 959 565 1038 πολέμιοί
576 958 731 1032 τείσασθαι,
745 957 791 1018 καλ
804 955 908 1020 οόδλν...
1001 955 1080 1037 ἤγουν
1089 959 1114 1017 σί
1124 958 1139 987 *
1153 957 1297 1030 Ἀθηναῖοι
1311 992 1352 1004 -
1363 957 1568 1039 Διαόάλλοιντο]
1582 959 1735 1042 θόρίζοιντο.
1747 996 1775 1008 ·-

219 1051 349 1111 Lxxvl.
370 1053 405 1110 01
420 1047 468 1126 μέν
482 1046 531 1119 τῆν
544 1047 630 1118 πόλιν]
645 1046 724 1125 ἤγουν
740 1048 765 1104 οί
777 1047 803 1104 ἐν
815 1044 901 1126 Σάμῳ
914 1043 961 1113 τάς
1000 1064 1024 1106 ε.
1040 1043 1225 1127 Ἔπικομπῦν]
1242 1044 1323 1125 ἤγουν
1341 1047 1487 1124 κομπωδῶς
1501 1046 1604 1126 λέγων.
1620 1079 1656 1091 -
1667 1045 1775 1117 ‘M

181 1135 297 1208 Ἀθήνας
306 1184 338 1196 ..
346 1139 382 1197 Οί
396 1136 435 1215 δέ]
444 1138 467 1195 οῖ
477 1138 504 1194 ἐν
516 1133 642 1205 Ἀθήναις.
654 1168 686 1182 -
696 1153 719 1194 ε.
730 1132 766 1195 Ἡ
778 1132 852 1200 πόλις
863 1134 961 1211 αύτιῦν]
1002 1155 1027 1190 τι
1040 1134 1091 1191 τιῦν
1106 1135 1198 1193 ἑαυτοῦ
1215 1132 1351 1212 λείπηται]
1367 1132 1459 1216 μίχρις
1475 1131 1507 1193 δν
1521 1132 1622 1216 ἐξαρκῇ
1632 1135 1667 1195 τά
1679 1138 1775 1197 Τισσα-

143 1240 168 1281 10
180 1223 260 1302 ἤγουν
277 1227 304 1283 αί
325 1223 439 1294 Ἀθῆναι.
459 1257 501 1269 -
513 1242 536 1282 ε.
548 1223 562 1249 *
586 1219 641 1282 Καὶ
660 1223 683 1279 εἰ
701 1224 798 1280 ἐκεῖθεν
812 1217 959 1303 ιῦρμηνται]
1001 1217 1116 1302 φέρνους.
1136 1250 1172 1261 -
1188 1223 1251 1281 Τῶν
1275 1221 1381 1300 ἑαυτοῦ]
1400 1220 1597 1302 Τισσαφέρνους
1618 1222 1728 1295 δηλαδή.
1747 1245 1801 1286 -ιο

179 1312 260 1391 ἤγουν
273 1311 303 1371 τδ
321 1310 455 1388 ἐνδόσιμον
476 1309 580 1390 ἔχουσιν
603 1310 709 1382 ἐκεῖθεν,
725 1308 805 1387 ἤγουν
830 1307 883 1366 ἀπὸ
908 1310 960 1367 τῶν
1000 1302 1054 1370 Ἢν
1068 1307 1210 1380 Ἀθηναίοις
1223 1307 1335 1390 πιστεύῃ
1352 1310 1397 1388 ...]
1412 1307 1444 1381 ἤν
1458 1314 1472 1369 θ
1486 1308 1673 1393 Τισσαφέρνης
1687 1310 1772 1385 δηλον-

181 1398 305 1476 Ἆθηνῦν,
321 1401 349 1458 αί
359 1397 456 1465 πόλεις.
470 1435 498 1447 -
516 1396 570 1457 Καὶ
584 1399 607 1456 εί
620 1399 716 1456 έκεῖθεν
729 1395 863 1477 ὥρμηντο]
879 1395 960 1473 ἤγουν
1001 1393 1042 1454 ότι
1054 1393 1161 1464 πιστούς
1173 1395 1249 1477 κρίνῃ
1262 1393 1322 1465 τοθς
1341 1395 1506 1470 Ἀθηναίους,
1519 1399 1568 1457 οὐκ
1582 1398 1724 1481 ἀπορήσειν
1735 1400 1773 1460 αύ-

180 1487 210 1545 ἐκ
221 1489 268 1556 τῆς
278 1485 381 1563 Σάμου.
393 1519 433 1530 -
447 1480 598 1567 Ὦρμῦντο]
609 1483 693 1562 λέγειν
704 1481 745 1555 δή.
759 1518 799 1528 -
810 1484 870 1542 Οθκ
882 1485 961 1542 ἀσθε-
1001 1481 1060 1548 τοθς
1072 1488 1181 1565 τροφῆς,
1201 1481 1294 1565 μέχρις
1314 1483 1346 1543 δν
1362 1483 1459 1567 ἐξαρκῇ
1474 1483 1509 1544 τδ
1526 1484 1733 1569 Τισσαφέρνους
1747 1526 1774 1538 -

180 1577 222 1644 νῆ,
232 1574 289 1631 ἀλλ’
302 1580 341 1644 ...]
352 1571 478 1653 ἰσχυρίζει
487 1570 527 1632 ότι
540 1573 586 1630 οόκ
599 1569 708 1642 ἀσθενὴς
715 1560 748 1643 ἤν
759 1575 777 1642 ἦ
789 1568 893 1648 Σάμος,
904 1569 961 1640 ἥτις
1002 1568 1201 1654 Ἐξαργυρίσαι]
1218 1572 1298 1650 ἤγουν
1315 1571 1439 1653 ἀργυρίου
1457 1573 1591 1645 πωλῆσαι.
1603 1604 1637 1616 -
1652 1576 1686 1637 El
1704 1574 1772 1643 ω’πθς

143 1679 168 1722 1ο
181 1659 320 1739 μονονουχὶ
336 1659 465 1740 ἐκράτησε
487 1663 534 1730 τῆς
552 1657 699 1731 θαλάσσης,
719 1662 872 1736 πολεμοῦσα
895 1656 961 1738 πρδς
1002 1658 1133 1718 κατελθὼν
1149 1657 1308 1737 ...ἀναδέξῆ
1324 1659 1404 1740 ἤγουν
1420 1662 1443 1719 εἰ
1458 1661 1602 1729 ἀνασωθεὶς
1617 1661 1799 1738 Ἀλκιόιάδηςιι

179 1745 239 1813 τοῦς
253 1746 410 1818 Ἀθηναίους.
424 1794 456 1807 ..
474 1737 559 1807 Ἦλθε
578 1749 630 1805 τῶν
644 1746 799 1824 Ἀθηναίων]
819 1745 960 1828 γράφεται,
1002 1743 1086 1804 ὀπίσω
1097 1744 1223 1826 ἀνάδοχοι
1239 1745 1348 1826 γίνοιτο.
1361 1787 1392 1802 ·.
1405 1747 1497 1829 λύτῷ]
1513 1747 1546 1807 δι’
1564 1750 1646 1810 αὐτοῦ
1659 1755 1707 1811 ταῦ
1718 1753 1774 1814 Τισ-

181 1833 269 1905 διῆλθε
282 1833 313 1893 τδ
326 1832 475 1906 Ἀθηναίων.
486 1868 526 1878 -
535 1854 558 1894 ο.
573 1833 620 1893 Ἐν
633 1837 667 1913 τῆ
683 1833 769 1914 Σάμῳ
782 1840 867 1914 προίς]
878 1838 961 1905 καθη-
1002 1831 1152 1914 σαφέρνους.

181 1920 272 1998 μένους
284 1921 324 1999 ]
336 1918 450 1999 ἐγένετο,
465 1918 546 2000 φησί,
560 1919 712 2000 παραίνεσις
725 1918 764 1978 ότι
778 1921 817 1978 δεῖ
830 1917 923 1985 αθτοθς
935 1920 960 1976 έν
1041 1921 1186 1981 Lxxxll.
1209 1919 1384 1994 ἨλλαἜαντο]
1404 1920 1540 1994 ὠνήσαντο
1559 1920 1605 1982 διδ
1624 1921 1655 1984 τδ
1679 1925 1772 1988 αύτίαα.

180 2006 266 2087 Σάμῳ
286 2006 533 2088 προ[ς]καθημένους
547 2006 671 2088 πρότερον
690 2015 793 2088 κρατεῖν
814 2011 857 2065 τοῦ
873 2010 899 2074 ἐς
915 2005 961 2089 τδν
1003 2043 1040 2052 -
1051 2028 1073 2068 κ.
1088 2007 1218 2088 Ἐκείνου]
1232 2013 1278 2068 τοῦ
1292 2008 1496 2091 Τισσαφέρνους.
1508 2040 1543 2079 -,
1555 2012 1604 2092 Τῷ
1617 2010 1666 2090 μέν
1681 2016 1774 2075 Τισσα·

141 2116 168 2155 νο
181 2097 295 2175 Πειραιᾶ
310 2093 415 2168 έςπλου,
429 2095 475 2153 καῖ
488 2094 528 2154 ότι
541 2100 595 2168 νῦν,
609 2098 632 2154 εί
646 2094 684 2172 μῆ
700 2093 835 2175 βούλονται
848 2096 960 2154 ἀποδοῦ·
1002 2091 1088 2176 φέρνει
1159 2094 1264 2164 ἐκείνοις
1275 2094 1314 2176 δέ]
1326 2094 1369 2155 διδ
1381 2102 1428 2156 τοῦ
1438 2100 1556 2180 Τισσαφ.
1619 2098 1664 2158 διδ
1678 2100 1800 2161 ἐκείνιαθ

180 2204 223 2241 ναι
238 2181 286 2254 τῆν
302 2181 481 2264 δημοκρατίαν
496 2183 583 2250 αὐτοῖς
599 2185 623 2242 οί
636 2181 815 2263 τετρακόσιοι,
830 2183 857 2240 ἐν
875 2180 960 2262 τούτῳ
1001 2182 1113 2264 προςίτι.

180 2268 313 2347 δυνάμεως
325 2268 399 2329 αὐτοὶ
409 2275 578 2343 καθεστᾶσιν,
591 2268 728 2337 ὧιτετοθς
741 2267 789 2340 τῆν
799 2269 874 2328 πόλιν
884 2267 962 2328 κατέ·
1042 2271 1200 2334 Lxxxlll.
1226 2269 1415 2352 Διεόέόληντο]
1431 2271 1512 2351 ἤγουν
1530 2273 1566 2340 εῑς
1590 2273 1717 2349 διαθολῆν
1736 2277 1774 2336 καί

179 2380 275 2435 χοντας
290 2356 383 2437 εἴργειν
404 2357 530 2415 δύνασθαι
548 2362 596 2429 τῆς
614 2356 743 2430 θαλάττης
765 2355 839 2416 αὐτοὶ
862 2358 961 2434 μᾶλλον
1001 2357 1131 2442 λοιδορίαν
1151 2358 1199 2431 ιῆν
1215 2358 1285 2419 κατά
1303 2366 1350 2420 τοῦ
1366 2359 1562 2441 Τισσαφέρνους
1578 2363 1775 2440 έκινήθησαν,έν

179 2444 248 2525 ἤπερ
260 2445 305 2502 ὑπ’
316 2442 422 2503 ἐκείνων
438 2443 689 2526 agamemn-’1²4
702 2450 811 2504 τοσοῦτο
823 2443 961 2516 καταστή-
1003 2445 1111 2525 διαύολῇ
1131 2436 1212 2526 εἶχον.
1225 2483 1266 2493 -
1279 2469 1301 2509 ε.
1321 2445 1476 2527 Ξυνηνέχθη
1494 2446 1545 2528 γάρ
1564 2450 1653 2518 αὐτοῖς
1671 2453 1713 2533 ...]
1731 2457 1775 2513 αῖῖν

140 2559 168 2599 2⁶
180 2532 282 2610 σονται]
295 2535 320 2590 οί
333 2533 360 2589 δν
375 2531 493 2603 Ἀθήναις
504 2532 633 2604 δηλονότι.
648 2562 680 2575 -
696 2553 717 2592 ε.
732 2532 810 2604 Μήτι
829 2531 961 2612 βούλευμα
1002 2533 1143 2606 Ἀθηναίων
1160 2534 1372 2595 έπιπλευσάντων
1396 2540 1430 2617 τῇ
1450 2535 1577 2617 Μιλήτῳ,
1595 2536 1643 2597 καῖ
1657 2539 1801 2618 βωλσμέιι

152 2665 155 2670 -
179 2619 294 2701 χρηστόν
307 2621 348 2698 ..]
360 2624 378 2691 ἤ
388 2618 497 2678 διάνοια·
507 2619 570 2700 περὶ
578 2619 667 2700 ὀλίγον
678 2620 799 2692 ποιητέον
808 2619 875 2692 ότιή
887 2620 962 2688 πόλις
1002 2643 1052 2680 νων
1067 2622 1256 2702 διαναυμαχεῖν
1269 2626 1322 2690 τοῖς
1336 2621 1573 2700 Πελοποννησίοιά,
1590 2627 1645 2701 τῷν
1658 2624 1687 2686 δέ
1700 2628 1776 2688 Πελα-

180 2710 265 2766 αύτῦνν
279 2706 433 2788 ἀφέστηκεν.
455 2706 546 2779 ἐπειδὴ
571 2711 588 2780 ἤ
612 2707 693 2788 βουλὴ
714 2712 795 2780 αὐτῆς
814 2700 846 2781 ἤν
869 2708 961 2789 κυρία,
1002 2707 1205 2780 ποννησίωνούκ
1218 2707 1424 2789 ἀντιταχθέντων
1442 2711 1545 2783 αὐτοῖς,
1560 2712 1622 2770 ἀλλ’
1635 2714 1776 2774 ἀποδειλια-

180 2794 254 2853 εῐωθε
272 2785 406 2853 εἶναιτῶν
429 2793 612 2876 στρατοπέδων
629 2801 646 2868 ἤ
667 2796 749 2863 πόλις.
763 2801 808 2854 νῦν
832 2795 898 2868 αῦτη
914 2799 963 2856 οὐκ
1003 2794 1114 2868 σάντων,
1132 2799 1147 2854 ό
1165 2796 1364 2879 Τισσαφέρνης,
1383 2795 1586 2878 καταφρονήσας
1604 2799 1705 2881 αύτιῦν,
1716 2800 1776 2861 πολύ

180 2882 236 2941 έστι
249 2881 367 2963 χρηστῆ,
379 2883 448 2942 άλλδ
463 2887 489 2943 έν
506 2885 594 2950 αὐτοῖς
606 2884 658 2951 τοῖς
674 2882 859 2966 στρατοπέδοις
871 2884 962 2964 ἤμάρ-
1002 2883 1170 2964 ὀκνηρότερον
1181 2882 1249 2966 ἤπερ
1261 2881 1385 2966 πρότερον
1392 2885 1517 2967 παρεῖχεν
1530 2885 1619 2954 αύτοῖς
1627 2886 1672 2946 τθν
1683 2888 1776 2966 μισθόν.

142 2997 169 3038 ςη
180 2993 244 3043 τηκε
258 2974 284 3030 ἐν
298 2975 336 3052 τῷ
350 2971 489 3031 καταλύειν
503 2969 562 3039 τούς
574 2971 681 3050 νόμους,
694 2972 740 3031 καὶ
752 2975 831 3050 ὦμιῦς
842 2973 962 3052 ἀναγκά-
1003 2971 1057 3037 τοῖς
1069 2961 1113 3029 σύν
1132 2968 1365 3044 Πελοποννησίοις,
1379 2971 1426 3030 καί
1436 2969 1564 3053 πρότερον
1575 2979 1696 3051 μισοῦσιν
1706 2972 1803 3039 αύτθνκ

181 3061 231 3126 ζειν
246 3058 367 3137 βούλεται
378 3057 437 3126 τούς
448 3057 609 3138 στρατιώτας
623 3060 746 3136 πολεμεῖν
762 3059 805 3119 διά
816 3058 864 3131 τῆν
874 3083 962 3132 σωτη-
1002 3061 1037 3124 ὡς
1054 3058 1190 3138 φθείροντα
1204 3055 1238 3116 τά
1258 3056 1419 3139 πράγματα,
1434 3056 1530 3130 συνέόη
1544 3057 1621 3132 τότε,
1640 3059 1685 3120 διδ
1701 3060 1776 3140 τδμῆ

182 3145 239 3224 ρίαν
249 3145 920 3225 αὐτῆς.-Προςαναγκάζειν]ἀπδκοινοῦτόσόιζειν.
929 3181 961 3191 -—
1002 3144 1141 3224 προθύμως
1156 3147 1327 3223 μισθοδοτεῖν,
1339 3146 1466 3204 ἐπιτεῖναι
1482 3144 1513 3205 τδ
1527 3148 1564 3213 τίς
1576 3147 1657 3207 αότδν
1669 3148 1778 3228 μῖσοςί

179 3231 261 3298 ’Ὧςτε
275 3229 333 3290 οὐδὲ
346 3230 451 3299 τούτους
468 3241 509 3304 ...]
524 3240 600 3292 τοῦτο
618 3232 727 3310 δυνάμει
746 3233 860 3293 τοιοῦτόν
878 3238 961 3293 δστιν·
1002 3229 1032 3289 τὸ
1046 3229 1116 3303 ἑξῆς,
1129 3229 1275 3312 συνηνέχθη
1291 3232 1350 3304 ἤτοι
1365 3230 1539 3304 ἠκολούθησεν
1553 3234 1643 3300 αύτοῖς
1659 3236 1777 3295 έπιδεδοι-

180 3320 209 3376 ού
218 3316 271 3399 χρὴ
279 3317 398 3390 τούτους,
412 3319 502 3387 οἵτινες
514 3318 546 3378 θν
557 3318 620 3400 παρ’
632 3323 719 3386 αθτοῐς
728 3320 843 3401 χρηστὸν
857 3320 962 3401 βουλεύ-
1002 3314 1075 3374 κέναι
1089 3317 1135 3376 καὶ
1148 3318 1192 3376 τδν
1205 3316 1388 3400 Τισσαφέρνην
1399 3321 1490 3399 πολλῷ
1502 3317 1698 3402 ἀρρωστότερον
1711 3321 1778 3400 γενό-

141 3430 168 3472 a
179 3429 269 3478 ωνται,
276 3405 378 3486 χείρους
384 3406 489 3466 ἐκείνων
495 3407 961 3489 νομίζειν.-Χείρους]τοῦβουλιιί-
1002 3428 1079 3481 μενον
1095 3407 1120 3473 ἐς
1136 3403 1184 3476 τῆν
1199 3405 1379 3484 μισθοδοσίαν,
1393 3405 1438 3465 τδν
1452 3403 1588 3478 ἐπίπλουν,
1604 3405 1650 3465 διδ
1663 3407 1707 3468 τδν
1721 3407 1804 3471 ἐπί-ι

181 3515 262 3569 ματος
273 3500 320 3552 τοῦ
334 3495 360 3551 έν
375 3494 503 3573 τῆπόλει.
1002 3493 1083 3552 πλυυν
1092 3496 1144 3552 τῶν
1158 3490 1333 3566 Ἀθηναίωνές
1346 3493 1394 3565 τῆν
1407 3491 1534 3566 Μίλητον,
1546 3495 1777 3568 ὣςούκῆθέλησιιν

219 3581 376 3643 Lxxvlss.
401 3581 531 3661 Διεόόων]
555 3582 635 3661 ἤγουν
655 3580 776 3663 διάτορον
804 3582 896 3644 ἐῦόων.
916 3618 962 3640 .-
1002 3579 1192 3659 άνταγαγόντες
1205 3585 1385 3662 ναυμαχῆσαι·
1397 3578 1443 3641 καί
1455 3570 1526 3646 αύθις
1535 3580 1684 3663 συνηνέχθη
1695 3585 1778 3644 ἐπιδι-

180 3670 235 3726 Τοῦ
247 3665 307 3746 μέν]
320 3673 366 3726 τοῦ
380 3668 529 3749 Ἀστυόχου.
539 3703 580 3716 ·-
588 3670 703 3731 Οὐδέπω
717 3672 791 3751 ἐντῷ
804 3672 876 3751 αύτῷ
886 3670 960 3745 εἰσίν]
1002 3668 1113 3727 δωκέναι
1127 3674 1203 3728 τοῦτο
1219 3668 1337 3742 δηλονότι
1352 3668 1383 3728 τδ
1394 3669 1526 3746 μισεῖσθαι
1537 3667 1582 3726 διδ
1594 3669 1641 3728 τὸν
1652 3669 1778 3731 Ἀλκιόιά-

180 3754 259 3831 ἤγουν
283 3756 333 3834 ούχ
354 3759 498 3832 ὁμονοοῦσι.
520 3791 555 3802 -
569 3754 677 3835 Ὀνομα
690 3759 729 3836 ...]
751 3755 819 3816 κατά
836 3757 866 3817 τδ
879 3757 961 3836 ὄνομα
1002 3757 1049 3828 δην
1063 3758 1089 3822 ἐς
1101 3755 1131 3815 τὸ
1151 3757 1282 3833 μισεῖσθαι
1295 3755 1339 3814 ὑπ’
1353 3757 1438 3814 αὐτῶν
1452 3752 1499 3814 καὶ
1511 3753 1682 3834 πρότιρσν.ἤ
1698 3758 1778 3827 άλλως

142 3863 169 3905 ιο
181 3841 238 3917 μέν,
251 3841 309 3899 ἀλλ’
325 3843 354 3900 αθ
369 3841 438 3901 κατά
454 3843 485 3901 τδ
505 3843 579 3925 ἐργον
600 3843 822 3912 κινδυνευσούσας.
842 3880 883 3891 -
900 3851 962 3905 Δια·
1002 3841 1047 3902 καί
1062 3843 1175 3920 άμεινον·
1184 3841 1328 3922 συνηνέχθη
1342 3843 1388 3902 καλ
1401 3841 1446 3901 τθν
1460 3840 1587 3901 ἐπίπλουν
1596 3843 1805 3906 ἐπιδεδωκότων

182 3928 314 4010 τριόῆναι]
327 3929 510 4010 διαφθαρῆναι.
523 3933 655 4008 ἤάπολεῖν
665 3931 709 3990 τδν
718 3931 963 4014 χρόνον.-Κακοῖ
1001 3930 1046 3990 τδν
1060 3929 1243 4012 Τισσαφέρνην
1260 3929 1397 4009 γενόμενον
1412 3931 1503 4010 πολλῷ
1517 3931 1725 4015 ἀρρωστότερον,
1736 3933 1777 3993 καὶ

179 4020 210 4076 τὸ
227 4015 359 4096 ναυτικόν]
375 4016 453 4096 ἤγουν
469 4021 505 4086 τίς
520 4019 696 4079 κακοπάθειαν
707 4018 845 4096 ἔμόάλλει.
1002 4016 1075 4085 ιέςέτι
1087 4016 1165 4077 αύτδν
1176 4016 1360 4077 ἐπιδεδωκέναι
1373 4019 1399 4085 ές
1409 4016 1439 4076 τὸ
1451 4019 1584 4094 μισεῖσθαι
1595 4018 1675 4078 αάτδν
1687 4019 1779 4100 πρότι-

219 4106 349 4166 Lxxlx.
371 4105 433 4164 Ἀπδ
447 4104 561 4177 ξυνόδου]
573 4104 653 4181 ἤγουν
667 4105 720 4165 ἀπὸ
734 4105 865 4182 ὁμονοίας.
880 4139 915 4149 -
935 4127 958 4170 ε.
1003 4127 1046 4186 ρον
1068 4103 1114 4164 καί
1145 4104 1268 4186 έκατέρον
1286 4104 1374 4177 ἐςτῆν
1399 4103 1580 4186 μισθοφορίαν,
1595 4104 1716 4176 δηλονότι
1738 4104 1778 4167 διδ

182 4190 342 4273 Ὀρμοῦσαι]
357 4192 518 4262 αθλίζουσαι.
533 4224 567 4234 -
582 4192 655 4274 Πρδς
665 4190 713 4263 τῆν
728 4192 871 4273 Μυκάλην]
891 4194 961 4254 κατδι
1001 4192 1045 4252 τδν
1059 4192 1236 4265 Ἀλκιόιάδην.
1246 4227 1288 4238 -
1300 4212 1323 4254 ε.
1333 4192 1389 4254 Καί
1400 4216 1467 4258 τινες
1476 4195 1529 4251 τῶν
1540 4190 1629 4251 ἄλλων
1643 4197 1696 4254 τῶν
1705 4195 1778 4264 ἀξίαι

145 4302 170 4341 ιε.
181 4279 211 4339 τδ
226 4284 274 4352 τῆς
288 4280 418 4353 Μυκάλης
432 4280 517 4362 μέρος.
530 4324 563 4336 -
577 4300 600 4342 ε.
616 4280 881 4361 Ναυμαχησείοντας]
895 4282 962 4361 μέλ-
1000 4278 1078 4359 λόγου
1089 4277 1242 4359 ἀνθρώπων]
1256 4277 1309 4338 ἀπδ
1318 4284 1403 4338 κοινοῦ
1416 4277 1447 4338 τθ
1458 4278 1652 4359 ἀνελογίζοντο,
1662 4281 1692 4340 σύ
1706 4281 1778 4360 μόνον
1788 4297 1808 4338 ιι

181 4367 273 4433 λοντας
286 4367 476 4446 ναυμαχήσειν,
489 4367 507 4439 ἤ
522 4369 708 4444 έπιθυμοῦντας
722 4368 911 4448 ναυμαχήσειν.
1001 4369 1168 4447 στρατιῶται·
1183 4365 1359 4443 ἀνελογίζοντο
1378 4363 1406 4425 δέ
1429 4364 1465 4424 τδ
1482 4365 1669 4447 ἐπιφερόμενα.
1685 4401 1726 4415 -·
1743 4367 1779 4430 Ἢ

223 4456 338 4515 LXXX.
361 4457 457 4522 Κακῶς
468 4455 592 4534 διδόντος]
607 4454 653 4514 σθν
667 4455 792 4517 κακώσει.
807 4494 841 4505 -
856 4477 879 4518 υ.
895 4461 961 4519 Χει-
1002 4453 1180 4522 ἀπαλλάξεται
1197 4451 1265 4532 ὅθεν]
1279 4453 1360 4532 ἤγουν
1377 4453 1556 4525 ἀποστήσεται
1567 4457 1605 4522 είς
1620 4454 1702 4516 τόπον
1714 4454 1777 4516 θθιν.

182 4542 334 4621 μασθεῖσαι]
350 4541 428 4619 ἤγουν
444 4546 616 4622 ταραχθεῖσαι
634 4543 685 4601 θπδ
703 4547 840 4622 χειμῶνος.
853 4582 887 4592 -
906 4546 960 4606 Καὶ
1001 4578 1042 4587 -
1058 4540 1233 4623 Ἐπιφέροντα
1258 4541 1347 4621 ὀργάς]
1368 4541 1399 4601 τδ
1419 4540 1549 4623 ίπιφέριιν
1570 4541 1652 4621 ὀργῆν
1672 4542 1717 4602 ἐπί
1736 4549 1779 4603 τοῦ

182 4630 210 4686 αί
226 4627 273 4704 μὲν
292 4629 380 4699 Δήλου
395 4630 437 4708 ..]
453 4629 608 4711 θπερόατόν.
627 4631 657 4689 τδ
671 4630 699 4689 δέ
714 4630 772 4702 ἑξῆς
786 4632 862 4690 οῦτω·
877 4633 961 4694 καλαί
1001 4630 1153 4711 χαρίζεσθαι
1167 4628 1212 4687 καί
1230 4629 1374 4710 συγχωρεῖν
1388 4628 1494 4688 έταττον
1510 4631 1534 4687 σί
1551 4629 1670 4709 ἀρχαῖοι.
1685 4627 1779 4712 μάρτυς

144 4745 171 4783 ςςι
183 4713 230 4790 μέν
250 4717 353 4783 πλείους
373 4716 461 4787 Δήλου
482 4717 627 4796 λαόόμεναι
648 4717 715 4794 μετθι
738 4719 892 4800 Κλεάρχου,
915 4721 962 4778 καὶ
1003 4721 1131 4798 Κρατῖνος
1144 4719 1171 4775 ἐν
1186 4716 1200 4742 *
1211 4716 1341 4797 Χείρωσι,
1360 4715 1444 4794 λέγων
1456 4743 1470 4769 ιι
1481 4715 1673 4793 τῆνμουσικῆν
1687 4715 1778 4799 ἀκορί-
1789 4735 1809 4773 οι

183 4800 289 4883 ὕστερον
301 4805 379 4863 πάλιν
393 4809 513 4865 ἐλθοῦσαι
527 4810 563 4874 είς
579 4806 706 4879 Μίλητον,
721 4809 749 4865 αί
763 4806 791 4865 δέ
805 4807 873 4884 μετὰ
886 4807 961 4868 Ἑλί-
1002 4829 1077 4872 στους
1083 4803 1213 4886 ἐπιφέρειν
1226 4802 1303 4884 ὀργάς
1314 4808 1416 4885 βροτοῖς
1429 4802 1569 4886 σώφροσιν·
1577 4831 1590 4857 ν
1602 4804 1661 4864 ἀντὶ
1672 4810 1718 4864 τοῦ
1729 4827 1778 4885 χα·

184 4888 226 4957 ξου
239 4896 283 4949 τοῦ
298 4893 441 4974 Μεγαρέως
455 4899 601 4974 στρατηγοῦ
615 4893 678 4954 δέκα
693 4896 728 4961 εἰς
742 4893 786 4953 τὸν
802 4893 961 4965 Ἑλλήςπον-
1003 4893 1116 4974 ρέζεσθαι
1129 4901 1181 4959 τοῖς
1197 4891 1336 4974 σώφροσιν.

183 5001 228 5036 τον
239 4980 422 5056 διασωθεῖσαι,
433 4980 573 5048 Βυζάντιον
585 4984 718 5063 άφιστᾶσι.
731 5018 764 5031 -
773 4980 849 5042 Μετδι
861 4982 961 5061 Κλεάρ-
1041 4982 1196 5042 LXXXIV.
1219 4979 1274 5041 Καὶ
1285 4983 1324 5061 τῷ
1333 5002 1364 5058 γε
1377 4979 1484 5060 Δωριεῖ]
1494 4982 1533 5060 τῷ
1545 4978 1732 5061 Ἑρμοκράτει.
1741 5011 1778 5024 -

184 5064 247 5143 χου]
256 5059 340 5128 οῦσαι.
351 5057 509 5149 -Ἦρχεν]
517 5072 562 5128 τοῦ
575 5069 667 5129 στόλου
677 5073 722 5129 τοῦ
729 5071 822 5128 λοιποῦ
833 5068 960 5141 δηλονότι.
1003 5070 1057 5131 Καὶ
1069 5068 1218 5142 ἐπανήρατο
1228 5067 1275 5139 τῆν
1295 5066 1456 5148 βακτηρίαν]
1467 5067 1527 5127 ἀντὶ
1541 5071 1587 5131 τοῦ
1599 5066 1777 5128 ἐπανετείνατο
