3676 5828
183 375 238 427 1⁸2
770 342 943 405 scHOLlA.
965 342 1051 415 vlu,
1074 350 1220 404 93-108.

198 482 235 562 μῆ
250 486 273 544 οί
287 478 534 563 προςαγορευύμενοι
548 477 649 547 ἀληθῶς
660 463 724 532 ώσιν
740 474 769 531 ἐκ
783 475 835 530 τῶν
851 470 978 579 βουλομέ-
1059 462 1160 532 XCIX.
1174 472 1235 530 ’Τῶν
1243 467 1294 527 ύπδ
1302 466 1541 550 Τισσαφέρνους...]
1552 471 1606 528 τῶν
1613 469 1786 530 κελευσθέντιιν

197 595 248 629 νων
267 570 497 647 δημοκρατεῖσθαι.
510 598 550 608 -
564 559 731 636 Φούούμενοι
746 556 783 636 μῆ
796 561 833 638 τῷ
848 557 902 616 ἀντι
916 564 976 629 ωσι]
1022 556 1122 628 δηλαδῆ
1147 557 1198 616 ύπδ
1217 554 1423 636 Τισσαφέρνους,
1446 555 1488 614 ὅτε
1509 555 1587 624 αὐτὸς
1608 560 1643 623 εἰς
1661 553 1787 620 Ἄσπενδον

198 657 352 739 φούούμενοι
373 651 473 725 δηλαδῆ
488 649 525 727 μῆ
543 673 594 720 τις,
612 646 690 706 εἰπὼν
708 645 747 705 ὅτι
759 643 876 725 ὀρέγεται
895 645 979 720 δημο-
997 646 1000 731 ]
1022 643 1111 723 ἀπῄει.
1128 679 1169 690 -
1187 644 1282 711 Πολεις
1302 648 1348 714 τῆς
1365 647 1458 703 έαυτου
1476 647 1561 723 ἀρχης
1579 669 1731 717 αποστησει
1747 671 1789 705 των

198 743 317 824 κρατίας,
330 767 350 800 π
367 740 393 807 ός
405 762 461 797 τινα
475 736 501 804 ός
513 739 567 795 ἐστι
579 739 629 793 τῶν
642 731 867 811 πεντακιςχιλίων,
879 733 978 807 ἀγνοῶν
998 734 1000 811 ]
1022 731 1207 803 Ἀθηναίων...]
1216 731 1261 798 τὰς
1275 733 1302 788 ἐν
1313 735 1446 809 τῇέαυτοῦ
1461 731 1580 803 δηλονότι
1595 736 1680 812 ἀρχῇ,
1694 733 1789 792 ἀστιίπ

171 832 237 891 δὸτι
253 830 323 889 ἐστίν
343 765 378 894 εἰς
392 827 506 896 ἐκείνων,
528 826 554 881 ἐν
572 819 682 901 κινδύνῳ
700 821 817 897 γίνηται.
832 853 872 864 -
891 815 979 878 Μετό-
998 826 1001 868 Ι
1021 810 1088 890 ἤσαν
1101 818 1152 877 ύπθ
1165 817 1320 895 Ἀθηναίοις,
1332 817 1463 896 πρόθυμος
1477 812 1509 890 ἤν
1522 824 1537 878 δ
1551 821 1730 898 Φαρνάἀαζος
1740 825 1807 887 ἀπε-ς

196 925 268 998 χους]
283 911 417 979 κοινωνούς
430 915 476 982 τῆς
496 912 589 990 ἀρχῆς.
600 907 690 967 -Tb
702 906 723 965 δ’
738 898 772 964 αύ
788 904 882 986 ἀφανές
900 903 978 981 φόύον
1022 911 1118 978 στῆσαι
1138 909 1232 977 αὐτῶν,
1252 905 1336 986 ώςπερ
1353 905 1399 963 καί
1417 911 1431 965 ὁ
1451 906 1636 987 Τισσαφέρνης
1655 908 1703 975 τὰς
1721 912 1789 988 ἀνιῇ

199 1009 224 1073 ἐς
239 1002 366 1073 ἀλλήλους
377 998 508 1080 παρέξειν]
521 994 618 1066 ἀδήλου
628 993 672 1067 δὲ,
686 993 774 1074 φησίν,
784 992 867 1066 ὄντος,
880 991 920 1049 ύτι
929 989 979 1048 εἰσί
1023 996 1116 1051 ἑαυτοῦ
1128 995 1207 1073 ἀρχῇ·
1222 992 1316 1064 ἤλπιζε
1329 989 1380 1072 γάρ
1394 997 1408 1052 θ
1422 994 1614 1075 Φαρνάύαζος,
1629 994 1720 1055 τούτω
1730 1019 1791 1073 γινο-

198 1087 417 1167 πεντακιςχίλιοι,
433 1082 512 1163 φόύον
525 1080 734 1163 παρασκευάσειν
759 1086 835 1138 τοῦτο
852 1078 898 1137 καί
911 1082 979 1136 ύπο-
1023 1078 1114 1157 μένου,
1124 1079 1204 1139 πλέον
1214 1102 1240 1137 τι
1251 1078 1361 1159 σχήσειν
1372 1079 1458 1148 αὐτός.
1470 1115 1512 1127 -·
1525 1081 1714 1163 Κατέδραμον]
1723 1083 1789 1160 ἤγαιν

198 1177 260 1259 ψίαν
276 1184 328 1241 τοῖς
344 1171 485 1243 Ἀθηναίοις
499 1169 563 1250 πρδς
577 1167 714 1239 ἀλλήλους.
737 1165 845 1231 ἕκαστος
863 1164 914 1247 γὰρ
935 1163 979 1222 τόν
1022 1161 1168 1238 ἐληίσαντο.
1577 1176 1582 1186 ’

160 1285 184 1324 ιο
197 1264 278 1329 πέλας
289 1261 354 1343 ᾤετο
367 1263 419 1318 τῶν
429 1254 641 1332 πεντακιςχιλίων
655 1244 731 1314 εἰναι.
1063 1256 1096 1315 C.
1117 1275 1139 1314 ε.
1160 1251 1365 1332 Ἀἰσθόμενος]
1384 1255 1465 1334 ἤγοιιν
1485 1255 1587 1332 μαθών.
1605 1291 1646 1302 -
1665 1256 1816 1336 ΚαθεἝιιν]μ

238 1351 339 1412 XCIU.
360 1344 474 1423 Θέμενοι
488 1342 521 1401 τά
535 1341 616 1419 ὅπλα]
628 1338 801 1404 ὁπλισθέντες.
816 1380 856 1390 -
869 1334 978 1397 Ἔθεντο
1022 1339 1203 1420 ἐνδιατρίψιιν.
1215 1375 1255 1385 -
1265 1338 1367 1414 Ὦς,ἤν
1374 1341 1471 1399 πλείων
1482 1340 1574 1420 χρόνος
1582 1341 1789 1423 γίγνηται]ἤγων

200 1440 289 1508 αὐτοῦ]
305 1436 383 1512 ἤγουν
396 1431 530 1490 ἀπέθεντο.
543 1464 582 1475 -
594 1424 728 1507 Ἀνακείῳ]
741 1423 901 1504 Διοςκούρων
914 1425 977 1503 ναῷ·
1023 1430 1070 1497 τῆς
1083 1428 1110 1485 ἐν
1123 1431 1156 1506 τῇ
1171 1427 1231 1508 Χέιρ
1245 1427 1380 1506 διατριθῆς
1392 1433 1437 1487 τοῶ
1448 1427 1596 1509 Μινδάρου.
1612 1463 1654 1476 -
1667 1433 1790 1510 [lpum

201 1526 293 1590 ἀνακες
303 1521 354 1602 γάρ
368 1523 392 1579 οἱ
408 1516 565 1595 Διύςιιουροι.
578 1550 619 1561 —-
629 1535 651 1575 ο.
669 1512 723 1574 Καὶ
736 1512 795 1579 τούς
810 1511 904 1578 ἀλλους
922 1533 978 1569 ποι·
1022 1512 1134 1594 ριστούς]
1148 1516 1184 1580 εἰς
1195 1517 1351 1594 συμμάχους
1359 1514 1510 1597 ληφθέντας.
1523 1549 1564 1560 -
1577 1515 1665 1596 Ἐξω]
1680 1521 1726 1589 τῆς
1737 1520 1789 1589 Μη-

202 1596 978 1694 ρακατέχειν]καίτοίιςάλλουςῆσυχάζονταςπαρακατέχειν
1021 1597 1789 1683 θύμνης..Ιίομισθίντες]ἀχθέντες.-4.Ὕστερίσας]ύιιιι·

161 1718 186 1758 ῐσ
202 1701 237 1765 εἰς
250 1695 308 1764 τοίς
323 1693 471 1771 πολεμίους.
485 1726 525 1736 -
541 1690 595 1750 Καὶ
609 1693 639 1748 ἐκ
652 1687 749 1746 τούτων
765 1687 792 1744 έν
803 1676 889 1766 μέρει]
898 1683 977 1762 ἤγουν
1022 1685 1161 1767 ρονίλθών.
1170 1709 1237 1748 -υ.
1250 1687 1305 1769 ’ἀφ’
1312 1679 1348 1747 ών
1359 1688 1594 1770 παρεσκευάζοντο]
1602 1691 1647 1773 ἀφ’
1654 1683 1691 1750 ῶν
1701 1690 1787 1762 δηλεάἤ
1800 1714 1816 1751 ιι

200 1784 271 1844 καί*
287 1780 355 1842 κατά
374 1779 451 1860 μέρος
466 1781 518 1837 τῶν
531 1771 754 1854 πεντακιςχιλίων.
765 1808 798 1822 ·-
811 1791 834 1831 ε.
848 1770 913 1850 Περί
932 1775 978 1848 τοῦ
1021 1776 1086 1832 νεῶν
1099 1772 1157 1841 τοίις
1174 1774 1335 1855 στρατιώτας
1353 1774 1549 1855 παραλαύόντες
1567 1778 1787 1858 παρεσκευάζοντο.

200 1870 296 1937 πάντὀι
309 1867 455 1945 πολιτικοῦ]
466 1866 546 1944 ἤγουν
557 1862 617 1944 περ]
630 1866 677 1933 τῆς
685 1859 772 1931 ποίοις
788 1855 928 1924 πολιτείας.
939 1891 980 1901 -
1063 1861 1109 1922 cl.
1131 1863 1147 1894 ⁴*
1159 1862 1394 1941 Τισσαρακοστάς]
1407 1864 1507 1942 ἀρχαῖα
1521 1863 1673 1941 νομίσματα
1686 1865 1730 1923 καὶ
1743 1868 1788 1923 αι-

201 1954 397 2036 Ξυνιχώρησάν
411 1960 450 2026 τε]
461 1952 542 2031 ἤγουν
557 1948 727 2028 συνέδραμον,
740 1944 903 2024 ὡμονόησαν.
923 1943 980 2003 δέον
1023 1947 1118 2028 χώρια.
1129 1982 1173 1996 ·-
1186 1947 1327 2028 Πελάγιαι]
1340 1951 1366 2016 ἐς
1377 1947 1455 2023 μέσον
1465 1954 1510 2008 τοῦ
1524 1951 1663 2028 πελάγους.

202 2046 282 2102 εἰπεῖν
296 2041 462 2122 συνεχώρησε
476 2039 506 2098 τδ
519 2041 629 2109 πλῆθος,
645 2032 714 2092 ἀλλά
727 2033 791 2112 πρθε
805 2031 835 2090 τὸ
853 2031 980 2108 ῦημοθνύ·
1064 2037 1126 2096 CH.
1148 2034 1347 2114 Ὑπομίξαντες]
1367 2034 1526 2113 έγγίσαντες.
1548 2038 1743 2107 ύπειςελθόντες.
1757 2074 1787 2085 -

162 2155 189 2194 εο
202 2154 279 2210 μενον
291 2127 451 2209 ἀπούλέψας,
461 2123 636 2205 ούτωςείρηκε
643 2118 827 2201 συνεχώρησαν
837 2118 870 2177 τά
882 2119 980 2190 πλήθη.
1024 2121 1188 2181 Ἐκπλεῶσαι
1199 2123 1226 2187 ἐς
1237 2120 1285 2193 τῆν
1300 2121 1469 2203 εὐρυχωρίαν]
1483 2123 1540 2180 ἀντὶ
1555 2129 1602 2181 τοῦ
1616 2125 1815 2191 ἐκπλεύσαντες»

241 2218 344 2277 XCIV.
365 2236 386 2274 α.
400 2214 492 2294 Τάχα]
504 2212 576 2278 ἴσως.
586 2244 626 2254 -
639 2207 701 2267 ’Mb
714 2206 877 2286 ξυγκειμένου
890 2207 981 2285 λόγου]
1026 2210 1168 2288 διαφυγεῖν.
1181 2243 1222 2255 -
1231 2227 1254 2268 ε.
1266 2208 1379 2275 Ἀνακῶς
1392 2208 1500 2281 ίίουσιν,
1513 2208 1546 2280 ἤν
1557 2211 1700 2291 ἐκπλέωσι]
1713 2212 1788 2290 τθμάν

205 2303 285 2381 ἤγουν
303 2301 451 2383 προδοσίας.
469 2335 507 2344 -
523 2297 563 2358 Δι’
577 2294 691 2373 ἐλπίδος]
710 2295 836 2371 ἀγόμενον
855 2293 982 2366 δηλονότι.
1027 2297 1129 2361 ἀνακῶς
1136 2293 1193 2351 ἀντί
1203 2301 1247 2353 τοῦ
1258 2298 1432 2375 προνοητικῶς
1440 2296 1486 2354 καλ
1493 2298 1726 2378 φυλακτικῶςύδέ
1736 2305 1789 2369 νοῦς,

202 2387 346 2466 -Ταύιη
367 2386 480 2466 ἀνέχειν]
504 2385 583 2464 ἤγουν
604 2381 804 2462 ἀπίχειν.-ο.
816 2381 855 2440 Ἢ
867 2381 919 2440 ἀπὸ
932 2384 983 2440 τῶν
1027 2384 1051 2440 οἱ
1074 2380 1202 2452 Ἀθηναῖοι
1226 2384 1253 2440 έν
1275 2389 1332 2448 ταῖς
1353 2380 1492 2441 ἑκκαίδεκα
1513 2382 1606 2442 ναυσίν
1632 2383 1723 2443 έλεθον
1745 2384 1790 2449 τοίς

203 2476 347 2553 πολεμίοιν]
362 2473 536 2554 περιαιρετέον
545 2470 618 2542 τδνῆ
634 2470 786 2546 σύνδεσμον.
1028 2469 1055 2526 έν
1073 2466 1174 2548 Ἀόύδιμ
1191 2467 1417 2540 Πελοποννησίους
1434 2470 1699 2550 παραφυλάττοντας,
1720 2471 1790 2530 καίτοι

165 2583 191 2624 κο
244 2563 332 2623 XCV.
356 2561 408 2621 Καί
425 2558 625 2640 περιόαλοῧσαι]
645 2556 725 2634 ἤγουν
743 2552 984 2634 περικυκλώσασαι.
1029 2552 1216 2634 προειρημένου
1226 2555 1278 2620 τοῖς
1288 2553 1529 2636 ἐντῇἌόύδῳύπδ
1540 2557 1816 2631 τοῦφιλίαοέπίπλεκει

204 2669 277 2709 -τ,
298 2647 353 2707 Καὶ
378 2644 577 2726 ἀξυγκροτῆτοις
600 2641 738 2722 πληρώμ]
768 2641 848 2720 ἤγουν
870 2641 982 2718 ἑτοίμοις
1032 2639 1172 2718 (τουτέστιν
1187 2640 1237 2699 ύπθ
1249 2646 1294 2699 τοῦ
1309 2641 1400 2699 στολου
1415 2647 1459 2700 τοῦ
1479 2641 1546 2720 μετὰ
1562 2644 1720 2723 Μινδάρου]
1736 2647 1791 2706 &mc

204 2734 371 2812 ναυσίκξμῆ
381 2733 521 2816 ᾑρημένοις
527 2730 672 2798 ἐπιύοίταις.
681 2728 984 2808 -Ἆποκεκλεισμένης]
1030 2727 1253 2808 παραφυλάττωσι
1265 2727 1324 2794 τοὺς
1344 2727 1513 2801 Ἀθηναίους,
1527 2733 1593 2809 ὑπὲρ
1604 2737 1649 2790 τοῦ
1666 2730 1704 2808 μι]
1718 2734 1789 2789 λαθεῖν

205 2826 251 2883 αλκ
266 2819 436 2901 εἰςαγομένων
452 2818 570 2890 δηλονότι
586 2816 654 2876 κατὰ
669 2815 804 2875 θάλασσαν
819 2818 870 2873 τῶν
890 2817 984 2885 ἐπιτη-
1031 2814 1123 2881 αὐτοὺς
1135 2814 1339 2882 ἐκπλεύσαντας.
1355 2850 1394 2860 -
1406 2815 1509 2895 Δίωξιν]
1528 2817 1621 2899 φυγῆν.
1633 2853 1673 2865 -
1685 2840 1707 2879 ε.
1724 2820 1791 2879 Ἐπο-

206 2909 290 2970 δείων.
305 2944 346 2953 -
357 2927 379 2969 υ.
395 2906 541 2977 Θαλάσσης
553 2904 646 2984 μέτρον
666 2902 790 2975 έξῆκοντα
806 2903 893 2980 σταδ]
906 2902 987 2979 ἤγουν
1030 2900 1167 2980 κείλασαν]
1182 2903 1217 2968 εἰς
1227 2905 1276 2978 γῆν
1290 2898 1440 2960 ἐπώσασαν.

166 3017 193 3059 σο
205 3001 230 3057 σί
244 2996 366 3068 ίξῆκοντα
382 2994 482 3053 στάδιοι
496 2992 591 3057 πάντες
603 2989 721 3049 θάλαττά
739 2992 864 3049 εἰσιν.-
882 2989 988 3049 Ἐπισι-
1071 2989 1144 3049 CIII.
1171 3007 1195 3048 ε.
1215 2987 1380 3055 Ψευσθίντες
1400 2991 1451 3047 τῶν
1472 2993 1588 3063 σκοπῶν]
1607 2991 1665 3063 ἤτοι
1685 2991 1725 3050 διά
1744 2990 1817 3055 τάκά

205 3082 345 3160 τιζόμενοι]
361 3082 418 3139 ἀντὶ
430 3085 474 3139 τοῦ
493 3078 680 3155 λαμύοίνοντες.
694 3111 735 3123 -
749 3095 771 3134 4.
790 3075 854 3134 Ἀπδ
867 3075 989 3154 προνοίας
1031 3073 1159 3152 σκοποὺς,
1171 3074 1189 3146 ἤ
1200 3074 1361 3156 ψευσθέντων
1378 3079 1430 3134 τῶν
1443 3079 1548 3135 σκοπῶν
1565 3078 1612 3136 καί
1627 3079 1788 3158 ἁμαρτάνων.

206 3176 259 3231 τῶν
268 3168 436 3250 Ἐρετριέων]
450 3167 507 3225 ἀντὶ
519 3173 563 3225 τοῦ
576 3167 629 3225 ἀπὸ
640 3163 745 3244 γνώμης
755 3163 801 3221 καί
811 3168 986 3245 παρασκευῆς.
1071 3163 1143 3222 clv.
1165 3182 1188 3221 υ.
1210 3161 1374 3243 Θράσυλλος]
1395 3153 1458 3242 εἶχε.
1472 3197 1512 3208 -
1525 3182 1549 3224 ο.
1569 3164 1789 3244 Ἐπειγομίνωνίί

206 3294 247 3304 -
261 3258 350 3336 Σχολῇ
365 3253 564 3334 πληρουμένων]
579 3253 657 3330 ἤγουν
672 3248 787 3332 βραδέως
800 3249 987 3329 πληρουμένων
1030 3253 1081 3308 τῶν
1095 3248 1352 3320 Πελοποννησίων...]
1373 3249 1430 3306 ἀντὶ
1451 3255 1510 3321 τοῦ,
1527 3251 1666 3330 ἠπείγοντο
1682 3255 1705 3310 οἱ
1719 3255 1790 3310 Πελο-

207 3350 259 3405 τῶν
272 3348 344 3403 νεῶν.
354 3379 395 3389 -
407 3363 430 3402 σ.
447 3340 659 3420 Περιγίγνονται]
667 3336 862 3418 περισώζονται.
1030 3334 1290 3417 ποννῆσιοιπρότεροί
1300 3358 1328 3393 τε
1342 3335 1499 3413 συμμῖξαι...
1514 3372 1555 3382 -
1568 3339 1715 3417 Ξυμμῖέαι]
1725 3340 1789 3415 ἤγων

168 3449 194 3488 ³⁶
247 3433 349 3495 XCVI.
371 3429 415 3490 Τδ
437 3429 497 3510 περί
514 3426 562 3499 τῆν
582 3425 698 3487 Εύύοιαν
717 3423 887 3503 γεγενημένα]
908 3423 988 3501 ἤγουν
1032 3431 1183 3498 συμπεσεῖν,
1204 3421 1337 3503 συρράξαι.
1357 3456 1398 3468 -
1415 3445 1437 3483 ε.
1457 3423 1691 3504 Ὗπερεόείιλῆκει]
1712 3423 1816 3504 impl-⁸

206 3518 237 3578 τθ
249 3517 356 3595 μῆνυμα
369 3520 421 3575 τῶν
433 3518 503 3594 ἐντῇ
518 3513 620 3593 Εὖύοία
637 3510 791 3590 γενομένων.
803 3546 841 3555 -
851 3530 873 3572 ο.
894 3510 987 3581 Ἐςύη-
1032 3512 1125 3589 δραμε.
1139 3543 1179 3554 -
1191 3512 1330 3582 Κάτοπτα]
1342 3511 1396 3577 τοῖς
1410 3512 1465 3569 ἐκεῖ
1474 3514 1692 3584 Πελοποννησίοις
1701 3512 1791 3572 κατάτθ

208 3604 335 3681 σομένων]
349 3603 489 3661 ἐπιύατῶν.
504 3635 544 3646 -
555 3619 577 3661 ο.
591 3598 646 3659 Καί
658 3598 690 3656 δι’
703 3595 844 3675 έγγυτάτου
853 3595 986 3677 ’ἐθορύύει]
1032 3596 1121 3674 μέσον.

207 3691 287 3768 ἤγουν
302 3688 435 3767 ἐγγυτάτω
448 3686 529 3745 όντων
542 3690 593 3745 τῶν
605 3683 747 3761 πολεμίοιν.
760 3717 801 3729 -
815 3701 839 3742 ε.
860 3681 914 3743 Καί
933 3683 987 3740 διέ-
1072 3685 1129 3744 CV.
1143 3686 1190 3763 Τῷ
1204 3682 1273 3764 ἐργιμ
1284 3682 1350 3749 πολύ
1360 3683 1537 3765 περισχόντες]
1548 3685 1628 3763 ἤγουν
1640 3687 1791 3767 περιγενόμε-

208 3798 308 3847 στησαν
324 3775 368 3853 ἀν]
387 3773 466 3851 ἤγουν
486 3774 522 3837 εἰς
539 3771 632 3830 στάσιν
650 3770 780 3830 ἐνέὸαλον.
797 3803 838 3814 -
852 3768 989 3850 Σφετέροις
1031 3793 1083 3842 νοι,
1107 3769 1252 3850 κρείττονες
1270 3770 1413 3847 γενόμενοι.
1430 3805 1470 3816 -
1494 3792 1515 3830 ε.
1537 3776 1599 3833 Τῶν
1626 3773 1790 3851 ἐπικειμένων]

168 3878 195 3918 ιο
208 3856 322 3939 οἰκείοις]
336 3859 466 3939 χρῆμασι.
483 3892 522 3901 -
536 3856 591 3917 Καί
609 3859 636 3915 έν
654 3855 737 3936 τούτιρ
755 3855 943 3922 Ἑλλῆςποντός
959 3879 989 3914 τε
1032 3855 1111 3933 ἤγουν
1117 3860 1169 3915 τῶν
1179 3859 1357 3916 ἐπιπλεουσῶν
1365 3861 1483 3916 νεῶν.-
1493 3859 1671 3940 Ἀτακτότεροι
1677 3859 1817 3939 γτνίσθτι]ιο

208 3947 240 4006 ἀν
254 3939 286 4019 ἤν
298 3947 395 4025 αὐτοῖς]
408 3944 492 4005 λείπει
505 3943 555 4001 ύπδ
563 3942 787 4020 Λακεδαιμονίοις.
800 3977 840 3987 —-
850 3964 873 4003 ο.
881 3945 989 4024 Συμφο-
1031 3943 1110 4020 ἤγουν
1123 3942 1160 4021 μὴ
1174 3942 1218 4001 ἰπλ
1231 3943 1302 4012 τάξει
1311 3943 1439 4025 προϊέναι.
1450 3980 1491 3990 -
1502 3966 1525 4006 a.
1539 3945 1596 4012 Τάς
1607 3946 1652 4006 ίπί
1662 3947 1732 4028 σφίσι
1743 3951 1792 4008 ναῦς

80 4075 85 4081 -
209 4029 729 4116 ρώτατοι]συντελέστατοι.-’λλλωςτε
738 4029 896 4106 καίναυτικῇ
905 4031 988 4111 ἀρχῇ]
1032 4029 1195 4110 ἀπεχούσας]
1217 4029 1297 4108 ἤγουν
1320 4029 1513 4111 ἐφεδρευούσας.
1536 4035 1554 4110 §
1575 4032 1624 4101 τὰς
1647 4032 1792 4110 ἐπικειμένας

209 4121 295 4188 ἄλλως
305 4145 333 4179 τε
343 4120 388 4181 καί
398 4122 542 4200 ἤπειρῶται
553 4118 623 4184 ἀντες
632 4116 696 4196 πρδς
709 4118 988 4196 θαλαττοκρατοῦντας.
1032 4122 1102 4183 ναῦς.
1119 4149 1154 4164 -
1165 4116 1368 4190 Ὑπολαάόντες]
1382 4117 1461 4195 ἤγουν
1474 4117 1620 4196 δεξάμενοι.

248 4211 360 4271 XCVII.
381 4207 518 4288 Μηδεμιᾷ]
539 4205 622 4266 λείπει
643 4207 679 4264 ἐν.
696 4239 737 4249 -
750 4224 772 4264 ο.
787 4203 922 4281 Ἀνῆνεγκε
941 4202 989 4275 τῆν
1071 4204 1141 4264 CVl.
1156 4224 1178 4263 ν.
1191 4202 1268 4264 Κατά
1280 4203 1379 4284 βραχύ]
1393 4203 1460 4284 ἀρτι.
1474 4205 1525 4286 πρὸ
1535 4205 1624 4285 ὀλίγου
1637 4205 1793 4286 γεγενημένα

170 4308 197 4347 ⁴⁵
213 4296 300 4374 πόλιν]
314 4295 372 4353 ἀντλ
385 4299 430 4352 τοῦ
443 4296 587 4372 ἀνενεγκεῖν
598 4291 728 4364 ἐποίησεν.
1032 4326 1072 4337 -
1085 4309 1108 4351 ε.
1131 4290 1371 4370 Προςαγαγόμενοι]
1384 4291 1463 4369 ἤγουν
1475 4292 1652 4368 ἶδιωσάμενοι.
1803 4311 1821 4349 σ

251 4383 380 4442 xcvln.
402 4401 424 4440 ο.
438 4379 625 4460 Ἐπολιύρκουν
640 4378 662 4436 δ’
678 4378 742 4436 αιἰτδ
761 4378 804 4456 ...]
823 4376 989 4458 ἐπολιόρκουν
1071 4379 1157 4438 cvll.
1173 4373 1385 4459 Προςηγάγοντο]
1401 4377 1480 4454 ἤγουν
1506 4374 1694 4440 ἐδουλώσαντο.
1713 4379 1796 4438 ἀνιλιι·

210 4472 234 4527 σί
248 4468 379 4550 Κορίνθιοι
393 4466 441 4539 τῆν
455 4465 562 4538 Οἰνόην,
575 4464 773 4547 παραλαύόντες
786 4464 844 4532 τοὺς
862 4464 990 4534 Βοιωτούς
1033 4464 1087 4523 θον.
1101 4483 1173 4523 -τ,
1185 4465 1246 4536 Τῶν
1261 4463 1448 4542 αἰχμαλώτων]
1465 4463 1495 4531 ἀς
1508 4466 1694 4544 αἰχμαλώτους
1708 4470 1796 4542 ἀπῆγον

212 4554 273 4612 ἀνευ
292 4557 344 4612 τῶν
363 4553 451 4612 ἀλλων
470 4552 627 4631 συμμάχων,
643 4552 675 4610 δι’
687 4551 754 4610 ἰδίαν
771 4550 830 4609 τινδ
843 4551 988 4633 συμφοράν.
1033 4552 1171 4621 Ἀθηναῖοι.
1183 4584 1224 4595 -
1235 4549 1416 4631 Ἇπέπεμψαν]
1427 4555 1450 4610 σί
1463 4553 1670 4624 Πελοποννήσιοι
1681 4554 1797 4625 δηλονότι

212 4639 333 4722 συμφορὰ
351 4639 378 4699 δέ
397 4640 450 4706 τοῖς
467 4639 609 4721 Κορινθίοις
624 4637 725 4716 ἐγένετο
741 4637 801 4719 περί
819 4637 867 4708 τῆν
883 4638 988 4714 Οἰνάηγ,
1072 4639 1175 4698 cvlll.
1197 4657 1218 4696 ε.
1231 4634 1400 4720 Ἐξίπραξεν]
1412 4637 1639 4718 ἀνι-,ἤτησενμ-σ.
1650 4639 1796 4709 Ἄναζεύξες]

173 4741 199 4787 ου
212 4725 403 4808 διαφθαρέντων
417 4727 514 4806 ἀνδρῶν
530 4728 616 4793 αὐτοῖς
629 4724 680 4783 ύπδ
690 4723 829 4794 Ἀθηναίων
841 4727 871 4783 ἐκ
881 4730 928 4800 τῆς
940 4727 991 4785 Οἰ-
1031 4724 1111 4803 ἤγουν
1120 4723 1325 4806 έπαναστρέψας.
1336 4725 1464 4786 ἀναλύων.
1473 4760 1513 4772 -
1522 4722 1795 4805 Ἤλαυντν1ἤπείγετο.
1806 4737 1824 4778 ⁸⁰

213 4812 443 4885 νόηςέξελθόντων.
455 4811 600 4893 ἀνεχώρουν
613 4810 829 4877 δέίκΔεκελείας
843 4834 989 4893 πεφρωρη·
1032 4830 1105 4871 -ε,
1131 4811 1391 4891 Παρακομισάμενοι]
1412 4811 1636 4893 παραλαόόμενοι.
1657 4850 1698 4862 -
1715 4819 1800 4893 Περιι-

213 4898 285 4966 κότες
293 4903 316 4958 οί
327 4898 466 4977 Κορίνθιοι.
481 4900 533 4964 τοῖς
542 4891 585 4957 οὖν
596 4898 718 4977 τιμωροῒς
730 4899 815 4955 αὐτῶν
825 4899 989 4977 πολιορκοῦσι
1032 4897 1202 4975 κομισάμενοι
1217 4900 1247 4957 ἐκ
1259 4902 1306 4969 τῆς
1318 4896 1437 4970 Ἆύύδου]
1451 4899 1529 4978 ἤγουν
1546 4900 1693 4972 λεληθότως
1703 4902 1746 4960 καί
1757 4900 1799 4968 ἔξει

213 4984 261 5057 τῆν
274 4984 411 5045 Δεκέλειαν
425 4983 697 5063 κοινολογησάμενοςύ
715 4983 881 5063 Ἀρίσταρχος
897 4982 989 5063 προδί-
1031 4988 1078 5055 τῆς
1095 4983 1267 5064 προκειμένης
1283 4986 1343 5044 ὁδοῦ
1361 4985 1513 5064 ἀγαγόντες,
1529 4988 1607 5058 δῆλον
1626 4987 1655 5046 δέ
1672 4993 1745 5047 τοῦτο
1763 4985 1798 5045 δελ

215 5073 279 5132 δοισι
292 5070 339 5143 ιῆν
353 5069 457 5142 Οἰνόην.
763 5073 768 5080 ’
1033 5076 1079 5130 τοῦ
1099 5071 1244 5148 εἰρηκέναι,
1264 5071 1305 5130 ότι
1324 5071 1367 5133 διά
1386 5070 1432 5131 τοῦ
1445 5072 1531 5154 ὄρους,
1551 5072 1671 5145 δηλονότι
1693 5075 1725 5137 δι’
1746 5074 1798 5133 ὁδοῦ
