3676 5828
207 321 245 374 ,ν
805 298 1146 402 ταιιοιιιιιχιο-Π
1164 310 1208 360 ιε.

244 431 281 491 Χ.
304 427 387 502 Ἐξω]
401 432 448 508 τῆς
463 424 676 497 Πελοποννήσου.
689 422 882 504 -Ἔκδημοη
892 423 987 506 ύπερό-
1028 425 1160 508 προςόδου.
1169 430 1240 488 -Τ
1242 432 1270 489 αὖ
1280 427 1500 512 πολίμον]λέγων
1511 433 1646 507 δηλονότι.
1659 478 1702 491 -.
1712 437 1820 521 Γνώμῃ

205 541 268 600 ριον,
283 516 516 598 μακρδνπολεμον.
526 535 599 575 -τ,
614 512 741 575 Κατδιτδν
752 512 846 593 χρόνον
857 514 902 572 τὸν
913 516 986 594 είρη-
1028 512 1131 593 γνώσει.
1148 551 1189 561 -
1209 519 1380 599 Κρατεῖσθαι]
1397 525 1527 582 νικᾶσθαι.
1549 557 1592 568 -
1610 543 1636 584 τι.
1658 527 1719 598 Τῆς
1741 526 1814 602 ἄλλης

205 605 293 683 μένον]
308 608 345 672 ώς
355 607 407 663 τῶν
424 601 639 680 Λακεδαιμονίων
663 600 807 682 ὀρισάντων
826 601 874 673 τήν
894 606 987 684 προθε·
1028 600 1164 685 προςόδου]
1179 595 1231 664 οἷον
1243 609 1290 678 τῆς
1304 607 1424 688 εθφσρίας
1441 613 1489 681 τῆς
1502 613 1565 690 γῆς,
1580 611 1629 670 καὶ
1642 617 1700 673 Ινῶν
1710 617 1811 676 χανών.

205 695 286 773 σμίαν
304 697 351 766 τῆς
365 691 501 762 συνάξεως.
515 733 554 745 -
565 688 703 770 Ξυνήεσαν
721 688 756 749 τδι
779 688 825 749 δύο
848 688 931 772 μέρη]
943 688 987 747 ἵνα
1028 690 1187 775 καζομένων,
1198 692 1302 752 καὶτῶν
1312 693 1434 772 λιμένων,
1444 697 1490 756 καὶ
1501 699 1658 776 μετάλλων,
1668 702 1717 762 καί
1726 703 1811 765 ἄλλων.

178 781 304 854 εέκοίστη
319 780 393 849 πόλις
403 780 433 840 τό
450 778 497 859 μέν
510 778 626 860 δίμοιρον
638 776 801 860 στρατεύσῃ,
819 777 849 837 τδ
861 776 889 836 δέ
900 777 987 859 τρίτον
1028 813 1068 824 -
1090 780 1254 857 Ἐπισήμου]
1277 772 1330 840 οἷον
1352 792 1460 861 σημεῖον
1482 784 1591 865 ἔχοντος
1612 789 1763 867 βασιλικόν.
1780 814 1830 851 -ι

204 873 299 942 ἑαυτῆς
311 870 433 950 κατάσχῃ
446 868 511 949 πρὸς
523 866 654 948 φυλακήν.
668 866 743 925 αὐτοί
754 867 804 947 γδιρ
815 868 839 925 οί
852 868 985 926 Λακεδαι-
1028 867 1194 947 Τριακοσίων
1207 869 1353 928 ἀποδέοντα
1367 870 1461 953 μύρια]
1477 873 1614 934 τουτέστιν
1629 878 1811 958 ἕννεακιςχίλισ

204 959 289 1038 μόνιοι
301 959 347 1027 τόις
358 959 447 1025 πολεις
459 957 576 1038 ἐμέριζον
588 958 623 1023 είς
632 954 692 1036 τρία
705 954 786 1036 μέρη,
798 954 843 1013 καί
858 954 887 1013 τό
901 955 987 1036 τρίτον
1028 956 1185 1016 ἑπτακόσια.
1195 976 1263 1017 -ι,
1272 958 1389 1043 Χρυσίου
1401 960 1515 1039 ἀσήμου]
1527 962 1567 1040 μὴ
1578 961 1690 1043 ἔχοντος
1701 976 1811 1046 σημεῖον,

204 1048 263 1108 εἴων
285 1051 311 1108 ἐν
331 1057 388 1115 ταῖς
401 1046 519 1117 πόλεσιν,
534 1043 578 1102 ίνα
591 1042 643 1121 μή,
658 1042 764 1102 πάντων
782 1042 935 1112 ἐξελθόντων
952 1044 987 1110 είς
1028 1033 1079 1100 οἷον
1093 1043 1173 1120 μαζία
1184 1044 1251 1103 τινά.
1267 1088 1307 1098 -
1323 1048 1415 1106 Σκῶλα
1439 1049 1560 1123 Μηδικά]
1584 1051 1633 1111 τὸν
1654 1055 1810 1136 ἀργυρόποδα

203 1136 247 1196 τόν
262 1135 388 1213 πόλεμον,
403 1134 515 1215 ἐρήμους
527 1130 642 1212 εὑρόντες
658 1135 681 1190 οί
694 1131 824 1203 Ἀθηναῖοι
837 1129 887 1210 ,τάς
899 1131 988 1198 πολεις
1027 1129 1116 1212 θρόνον
1139 1130 1185 1190 καί
1208 1131 1251 1191 τὸν
1269 1134 1396 1207 ἀκινάκην
1417 1135 1461 1194 τόν
1476 1144 1602 1216 χρυσοῦν.
1617 1183 1662 1195 -
1673 1138 1713 1203 Ἣ
1729 1167 1811 1203 mu-

159 1237 191 1282 ἰυ
203 1224 394 1306 χειρώσωνται.
409 1257 450 1266 -
464 1222 510 1288 Ἐς
526 1220 571 1279 τὸν
591 1217 704 1296 Ἰσθμόν]
725 1221 738 1276 ό
752 1217 803 1300 γάρ
823 1218 926 1296 Ἰσθμός
941 1218 986 1277 καὶ
1028 1218 1133 1291 κοσίων]
1144 1220 1173 1278 τό
1185 1220 1202 1293 ή
1215 1221 1344 1302 περιττόν.
1355 1257 1394 1269 -
1405 1245 1427 1284 τ.
1441 1227 1529 1298 Αθτῆς
1541 1231 1589 1298 τῆς
1600 1233 1678 1302 θεοῦ]
1689 1236 1737 1304 τῆς
1751 1232 1836 1307 'An-u

204 1313 283 1390 μέσος
295 1311 373 1378 τόπος
389 1308 434 1368 καλ
447 1307 560 1380 πλησίον
574 1312 622 1379 τῆς
637 1307 764 1378 Ἀττικῆς.
781 1339 821 1351 --
836 1326 859 1367 π.
879 1307 927 1367 Ἐν
941 1306 985 1364 τέ·
1028 1315 1082 1373 νᾶς.
1093 1348 1132 1358 -
1144 1310 1170 1368 Τ
1170 1309 1184 1366 ὸ
1197 1308 1317 1388 άγαλμα]
1331 1309 1395 1393 ὀπςρ
1408 1314 1544 1380 ὁψςνδίας
1556 1320 1745 1380 κατεσκεύασε
1753 1321 1810 1400 μη]

203 1403 253 1473 λει]
265 1399 328 1473 τέλη
348 1397 382 1458 τδι
400 1397 537 1475 ἀξιώματα
551 1397 597 1456 καὶ
611 1399 635 1455 οί
648 1395 780 1476 άρχοντες.
1027 1391 1061 1450 τά
1078 1395 1197 1467 Μηδικά.
1215 1431 1255 1441 -
1272 1397 1408 1480 Ἀπέφθου]
1427 1400 1555 1469 πολλάκις
1574 1406 1735 1485 ίψηθέντος,
1757 1408 1809 1477 &a

243 1492 291 1551 xl.
312 1486 417 1569 Ἄνδρες
429 1484 648 1562 Πελοποννήσιοι]
661 1489 678 1555 ἡ
692 1483 782 1550 στάσις
795 1481 985 1564 πραγματικὴ,
1027 1480 1146 1558 γενέσθαι
1163 1484 1280 1567 όόρυζον.
1293 1484 1437 1559 dm]
1456 1487 1611 1568 τόκόσμιον
1631 1500 1681 1552 τοῦ
1697 1496 1809 1576 ἄγαλμα·

204 1576 331 1657 ἄγραφος,
344 1573 565 1651 συμύουλευτικοῦ
577 1572 674 1643 εἴδους,
686 1570 829 1653 κεφάλαιον
846 1570 944 1650 ἔχουσα
956 1571 986 1629 τό
1027 1593 1078 1636 τος.
1093 1606 1133 1616 -
1150 1575 1265 1655 Χρῆναι]
1284 1573 1369 1655 χρεὼν
1390 1566 1464 1636 εἶναι.
1478 1611 1518 1621 -
1529 1599 1552 1638 ο.
1567 1581 1732 1664 Χρήμων]
1745 1585 1810 1646 i'vtu

165 1675 189 1715 ¹⁵
203 1661 344 1744 συμφέρον.
359 1696 399 1707 -
411 1661 503 1733 Αὐτοί]
525 1666 601 1737 ἡμεῖς
623 1660 751 1731 δηλονότι.
763 1688 805 1725 -5
820 1679 841 1717 ε.
859 1660 932 1740 Τῇδε
952 1664 985 1739 τῇ
1026 1658 1181 1739 χρημάτων.
1199 1694 1235 1706 -·
1249 1683 1272 1722 τ.
1288 1665 1323 1722 Oi
1335 1663 1457 1740 πολέμιοι
1469 1664 1615 1741 ἐςόάλοιεν]
1630 1672 1693 1730 ἀντὶ
1704 1680 1751 1733 τοῦ
1764 1677 1834 1744 ἐάν

202 1752 329 1833 ὀρμῇ]τῇ
342 1748 470 1829 ήμετέρορ.
483 1781 524 1794 -
537 1749 548 1773 *
563 1747 621 1819 Τήν
636 1747 757 1828 γνώμην]
773 1746 816 1806 τόν
831 1747 938 1807 σκοπόν.
947 1781 986 1792 -
1028 1746 1109 1806 όαλον
1123 1752 1147 1808 οί
1160 1750 1372 1828 Λακεδαιμόνιοι.
1392 1795 1432 1810 -α
1454 1753 1519 1813 Ἀπό
1531 1778 1562 1814 τε
1576 1759 1809 1836 πρεσόυτάτωήοί
1827 1830 1833 1843 ⁹

202 1861 224 1901 ι.
236 1839 340 1900 Οὔκουν
351 1838 416 1919 χρή]
428 1837 458 1898 τὸ
475 1836 549 1914 ἑξῆς,
562 1835 654 1896 ούκουν
667 1836 720 1917 χρὴ
739 1836 912 1916 ἀμελέστερον
927 1859 984 1915 χω-
1027 1833 1078 1916 γάρ
1098 1839 1125 1895 ἐν
1149 1846 1203 1904 τοῖς
1224 1839 1353 1919 φρουρίοις
1375 1839 1492 1922 γέροντες
1511 1841 1558 1901 καί
1578 1844 1635 1905 νέοι
1657 1838 1727 1920 ήσαν
1751 1852 1807 1931 ἀμ.

203 1932 266 2010 ρεῑν.
280 1925 315 1986 τδι
326 1925 353 1985 δέ
362 1926 431 1985 ἄλλα
443 1923 487 1984 διδι
499 1924 589 2000 μέσου.
598 1959 638 1971 -
648 1923 852 2006 Προςδέχεσθαι]
867 1922 919 1981 ἀπὸ
928 1946 985 1981 κοι-
1028 1958 1064 1970 -
1078 1925 1150 2008 Πρός
1161 1926 1205 1985 τὸν
1226 1926 1331 2001 κύκλον]
1345 1927 1393 1996 ἕως
1404 1935 1448 1988 τοῦ
1463 1929 1573 1993 κύκλου.
1588 1968 1630 1981 --
1643 1939 1750 2014 Αθτοῦ]
1770 1947 1808 2001 αδ

202 2023 245 2077 νοῦ
255 2015 284 2076 τό
295 2014 358 2097 χρή.
367 2048 407 2061 -
420 2034 442 2075 4.
455 2012 511 2075 Καί
523 2011 550 2082 ἐξ
559 2012 648 2091 ὀλίγου
657 2014 691 2071 τὰ
701 2011 799 2086 πολλά]
807 2011 931 2093 Ὅμηρος
945 2019 984 2084 [u.
1027 2012 1132 2072 κύκλου.
1141 2013 1277 2075 -Ὃκαί
1288 2016 1451 2097 ἀφύλακτον]
1464 2017 1542 2099 μέρος
1552 2022 1806 2090 δηλονότι·τσυτίσπ

128 2179 130 2183 y
162 2131 189 2171 σο
202 2117 240 2184 Δ,
250 2112 315 2176 σου]
1028 2103 1130 2161 στάδιοι
1142 2104 1290 2163 δεκαεπτά·
1305 2108 1319 2162 ὁ
1333 2104 1383 2187 γόρ
1396 2105 1453 2173 ὁλος
1472 2107 1568 2176 κύκλος
1580 2113 1700 2173 σταδίων
1717 2108 1833 2191 ήνέξήΊ

1027 2214 1166 2250 κοντα-
1187 2183 1249 2264 Ὧν]
1275 2196 1327 2252 τῶν
1351 2198 1460 2273 μακρῶν
1482 2201 1589 2276 τειχῶν.
1603 2235 1647 2247 —-
1663 2203 1705 2265 Τὸ
1727 2205 1809 2275 &aaa

1027 2281 1153 2360 ἐτηρεῖτο]
1164 2280 1195 2339 τὸ
1206 2280 1258 2361 γάρ
1272 2281 1352 2359 μέσον
1364 2285 1410 2341 οὐκ
1421 2284 1514 2344 ἐδεῖτο.
1529 2328 1570 2338 -
1584 2287 1628 2347 Τδ
1638 2289 1662 2348 δ’
1674 2293 1702 2350 έν
1715 2296 1809 2378 φολωιῇ

199 2414 239 2426 ...
254 2370 295 2431 Δι’
309 2373 389 2450 ὀργῆς
408 2371 436 2428 σί
450 2368 626 2450 ἐπιχειρήσεις
638 2368 779 2448 γίγνονται]
794 2365 926 2425 τουτέστιν
945 2366 985 2425 ότι
1026 2366 1065 2438 όν]
1080 2373 1124 2425 τοῦ
1137 2368 1283 2447 Πειραιέως
1307 2371 1336 2428 τὸ
1350 2375 1421 2430 νεῦον
1436 2373 1462 2439 ἐς
1473 2370 1522 2444 τήν
1534 2373 1657 2456 ἤπειρον,

200 2458 359 2539 ὀργισθέντες
381 2460 405 2516 οί
423 2458 554 2529 Ἀθηναῖοι
573 2455 679 2522 πάντως
700 2454 886 2524 ἐξελεύσονται.
908 2490 947 2500 -
961 2476 982 2515 α.
1066 2457 1142 2516 xlv.
1166 2456 1223 2525 Τήν
1249 2455 1369 2529 ξύλωσιν]
1390 2456 1438 2529 τήν
1453 2459 1506 2518 ἀπδ
1526 2459 1612 2527 ξύλων
1638 2470 1806 2543 κατασκπνήι,

200 2547 246 2607 Ἐν
265 2551 298 2618 τῆ
317 2544 443 2625 πολεμίᾳ]
471 2549 559 2624 τῇγῇ
583 2543 711 2615 δηλονότι.
730 2578 771 2588 ·-
793 2564 814 2602 ο.
837 2541 982 2615 Ἐλπίξειν]
1026 2543 1174 2620 σημείωσαι
1190 2543 1314 2612 ξύλωσιν·
1333 2546 1386 2603 ἰδία
1405 2545 1472 2615 λέξις
1489 2553 1534 2606 τοῦ
1549 2552 1722 2615 Θουκυδίδαι
1739 2559 1831 2634 αθτητ

161 2645 188 2686 ²⁶
201 2617 347 2717 φοόεῖσθαι.
358 2669 396 2679 -
406 2633 455 2692 Ἐν
464 2623 496 2713 ᾧ]
509 2631 583 2712 τόπῳ
597 2630 724 2703 δηλονότι.
738 2631 845 2691 -Καὶ
857 2631 983 2690 τάκείνων
1024 2673 1064 2683 -
1076 2652 1097 2691 2.
1109 2632 1142 2692 ‘H
1154 2633 1307 2705 ἀνάστασις]
1320 2638 1337 2704 ἡ
1351 2635 1508 2712 μετοίκησις.

201 2723 360 2805 φθείροντας]
374 2721 568 2802 δρμηθήσονται
581 2718 709 2792 δηλονότι.
724 2761 765 2772 -
784 2740 807 2780 7.
826 2719 909 2801 Ὁρᾷν
926 2720 982 2779 πά·
1064 2722 1128 2780 XV.
1139 2720 1201 2780 Ἀπό
1213 2726 1258 2778 τοῦ
1271 2722 1340 2779 πάνυ
1354 2722 1476 2803 ἀρχαίου]
1489 2722 1516 2792 ἐξ
1526 2726 1623 2805 ἀρχῆς.
1637 2763 1679 2777 -
1691 2731 1806 2815 Ἐτίμων]

200 2811 311 2891 σχοντάς
318 2817 387 2881 τι...]
398 2809 444 2869 καὶ
454 2812 476 2867 οί
484 2807 657 2890 ὀργιζόμενοι,
667 2806 713 2865 ἅτε
724 2805 756 2877 δή
765 2797 843 2877 ἦττον
850 2807 983 2886 λογιζόμε·
1024 2806 1170 2880 Ἑλλήνων.
1194 2844 1234 2853 -
1245 2812 1342 2881 Τοῦτο]
1358 2811 1388 2869 τὸ
1405 2813 1431 2869 ἐν
1447 2814 1535 2892 ἀγροῖς
1559 2815 1669 2877 δίαιταν
1683 2820 1763 2901 ἔχειν,
1776 2857 1808 2868 -

198 2901 363 2977 νσι,μᾶλλον
377 2896 404 2957 δέ
418 2897 591 2975 θυμούμενοι,
604 2897 639 2962 εἰς
652 2894 682 2954 τδ
694 2896 817 2972 πολεμεῖν
835 2897 981 2975 ἐπείγονται
1023 2896 1071 2962 Ἐς
1082 2895 1186 2968 Θησέα]
1202 2897 1261 2955 ἀντὶ
1274 2903 1321 2956 τοῦ
1338 2897 1385 2965 ἕως
1406 2899 1527 2971 Θησέως.
1547 2936 1588 2946 -
1611 2904 1668 2966 Ἀεὶ
1682 2909 1754 2969 κατὰ
1767 2910 1806 2970 πό.

200 2984 424 3068 ῥιψοκινδύνωςή
447 2984 492 3044 καί
506 2985 576 3044 πάνυ
591 2984 733 3064 ἀόργητος,
748 2983 854 3042 ἐπειδδιν
874 2983 908 3043 τδι
935 2989 982 3044 αύ-
1022 2985 1085 3055 λεις]
1099 2984 1489 3066 ἀδιαστάτως.-Πρυτανεῐά
1497 3011 1526 3047 τε
1535 2988 1651 3069 ἔχουσα]
1663 3000 1831 3076 πρυτανεῖόν.

163 3076 186 3116 ³⁰
198 3079 244 3133 τοῦ
258 3074 384 3145 θεάσηται
400 3076 442 3154 ὑφ’
458 3071 546 3154 ἑτέρου
565 3070 736 3154 φθειρόμενα,
753 3071 817 3151 πρὸς
832 3072 912 3154 ὀργὴν
929 3076 982 3132 διε·
1022 3074 1091 3130 ἐστιν
1103 3063 1172 3141 οἶκος
1183 3071 1281 3152 μέγας,
1298 3072 1359 3132 ἔνθα
1372 3078 1400 3133 αί
1415 3076 1529 3147 σιτήσεις
1540 3079 1662 3141 ἐδίδοντο
1676 3089 1731 3152 τοῖς
1743 3088 1806 3146 παλι-

198 3162 328 3244 γείρεται,
356 3162 403 3221 καί
428 3160 536 3238 ἀμύνειν
558 3159 700 3238 ἐπείγεται.
725 3161 742 3235 §
768 3159 924 3236 Σημείωσαι
952 3160 981 3220 τδ
1022 3159 1177 3236 τευομένοις.
1190 3163 1309 3220 ἐκαλεῖτο
1319 3160 1346 3220 δέ
1359 3161 1452 3237 οὕτως,
1469 3164 1560 3237 ἐπειδὴ
1577 3169 1636 3226 ἐκεῖ
1654 3171 1806 3244 ἐκάθηνττιί

199 3252 305 3362 σγῆμα,
314 3258 380 3307 πᾶσι
392 3249 554 3328 πάσχοντας,
567 3247 624 3305 ἀντί
636 3251 681 3306 τοῦ
690 3245 848 3325 πάσχουσιν.
859 3247 982 3315 -υ.Ὡς
1023 3246 1181 3328 Πρυτάνεις,
1199 3252 1222 3307 οί
1245 3253 1296 3308 τῶν
1315 3251 1382 3309 ὅλοιν
1401 3252 1567 3333 πραγμάτων
1580 3255 1729 3330 διοικητσί.
1742 3261 1805 3320 ἄλλα

198 3317 242 3399 ουν
254 3337 298 3397 ἐπί
308 3336 355 3409 τήν
371 3337 453 3408 ἄλλην
465 3335 551 3407 πόλιν]
564 3338 588 3395 οἱ
599 3333 715 3413 ἐπίλογοι
723 3336 849 3395 ἐντεῦθεν.
866 3338 882 3412 §
897 3335 980 3414 μεγά-
1023 3333 1051 3393 δέ
1065 3357 1143 3416 φασιν
1154 3334 1195 3394 ότι
1206 3335 1236 3395 τό
1247 3342 1402 3418 πρυτανεῖον
1416 3338 1496 3420 πυρὸς
1509 3330 1542 3412 ήν
1556 3345 1693 3419 ταμιεῖον,
1700 3346 1761 3406 ἔνθα
1768 3347 1806 3407 καί

197 3424 256 3498 λην,
275 3424 336 3496 ίσην
355 3424 401 3484 καί
425 3423 529 3501 ὁμοίαν.
544 3454 584 3469 -
609 3422 671 3482 Ἐπ’
693 3421 838 3503 ἀμφότερα]
862 3421 923 3491 δόξα
939 3423 981 3481 ἐπ’
1022 3412 1053 3494 ήν
1069 3421 1197 3481 άσόεστον
1215 3428 1267 3503 πῦρ
1282 3423 1328 3482 καί
1343 3423 1464 3504 ηὔχοντο.
1486 3425 1645 3489 -Ὁπότε
1666 3433 1706 3509 μή
1723 3459 1750 3494 τι
1762 3435 1830 3494 διό-Ι

160 3524 184 3565 3⁵
198 3512 334 3594 ἀμφότερα
347 3512 393 3571 καλ
407 3510 525 3579 εὐκλείας
543 3510 589 3570 καί
603 3508 793 3577 δυςιιλείας.-
806 3507 883 3583 Ὅπη
899 3510 930 3569 άν
942 3535 982 3578 τις
1022 3516 1105 3581 σιιαν]
1130 3509 1188 3568 ἀντὶ
1209 3516 1255 3569 τοῦ
1277 3509 1320 3570 ὅτε
1341 3511 1379 3590 μή
1400 3514 1436 3580 εἰς
1453 3511 1533 3594 φόόον
1556 3515 1617 3574 τινά
1645 3518 1747 3582 ἔλθοιεν
1768 3522 1805 3583 να]

197 3603 305 3678 ἡγῆται]
316 3600 460 3680 στρατηγὸς
470 3597 598 3671 δηλονότι.
612 3595 768 3670 -’οξίως]
779 3597 920 3676 συντόμως.
1021 3596 1147 3670 κίνδυνον,
1169 3600 1217 3657 οὐκ
1239 3599 1351 3679 ἤρχοντο
1371 3600 1435 3681 πρὸς
1456 3600 1500 3659 τὸν
1518 3603 1643 3680 βασιλέα.
1667 3649 1709 3663 ..
1735 3609 1805 3671 Διἠά

126 3690 138 3707 ”
242 3689 310 3749 ΧΠ.
336 3707 357 3746 κ
384 3688 424 3749 Τὸ
447 3684 547 3758 κοινόν]
571 3685 754 3766 βουλευτήριον
783 3685 911 3755 δηλονότι.
943 3720 979 3735 -
1021 3683 1207 3759 έκαστοι]καθ’
1221 3687 1336 3755 ἑαυτούς.
1353 3723 1388 3735 —-
1403 3690 1469 3749 Μετ’
1485 3690 1645 3767 Εὐμόλπου]
1658 3695 1705 3777 ἀφ’
1719 3687 1804 3758 offl-

198 3774 308 3854 Γνώμη]
323 3774 414 3855 βουλή.
429 3816 467 3832 -
484 3773 628 3855 Πρότερον]
645 3772 697 3854 πρδ
709 3778 754 3845 τῆς
770 3772 921 3855 πρεσύείας.
940 3808 981 3820 -
1022 3772 1149 3848 μολπίδαι
1172 3773 1240 3854 φυλή
1264 3778 1290 3834 ἐν
1311 3780 1345 3856 τῇ
1367 3775 1480 3857 Ἀττικῇ.
1500 3812 1540 3822 -
1555 3798 1579 3840 ε.
1605 3781 1803 3864 Ξυνφίκισσ]σί

198 3861 467 3942 Ἐξεστρατιυμίνων]
478 3861 547 3922 κατά
557 3865 608 3920 τῶν
621 3861 772 3933 Ἀθηναίων.
783 3861 894 3943 -ιΠρίν
904 3864 981 3921 άκοῦ-
1022 3857 1160 3942 ξυνῴκισεν
1172 3863 1220 3920 οὐκ
1234 3860 1304 3920 ἔστιν
1318 3863 1362 3922 έπί
1374 3869 1419 3924 τοῦ
1431 3869 1496 3943 ὁμσῦ
1509 3863 1706 3943 ξυνοικισθῆναι
1720 3871 1829 3944 ἑκάς-ιι

160 3970 186 4011 τυ
199 3957 255 4022 σαι]
270 3947 702 4028 μὴάκούσανττςαθτοῶδέλεγεν.
715 3981 754 3995 -
769 3947 979 4029 Πρεσόεύεσθαι]
1021 3971 1075 4021 σεν,
1092 3949 1149 4006 ἀλλ’
1167 3948 1211 4007 ἐπί
1231 3954 1278 4008 τοῦ
1301 3949 1364 4024 μίαν
1388 3952 1474 4025 πόλιν,
1491 3953 1612 4013 τουτέστι
1639 3959 1802 4040 μητρόηλιν,

197 4039 228 4099 τό
249 4039 367 4100 έκελευον
383 4040 436 4100 ἀπὸ
448 4045 544 4101 κοινοῦ.
559 4073 600 4084 ·-·
613 4035 751 4116 Ἀγωγούς]
769 4037 885 4116 ὁδηγούς.
902 4071 941 4084 -
958 4058 979 4098 ε.
1021 4034 1089 4115 ἔχειν
1101 4034 1298 4107 αὐτήν-Ἐξ
1309 4037 1418 4111 ἐκείνου]
1431 4037 1482 4099 ὀδέ
1494 4039 1546 4118 μὴν
1556 4042 1659 4112 ἐκεῖνος
1669 4047 1802 4126 ὠνομάσθη

198 4126 262 4188 Ἐπί
275 4128 328 4194 τοῖς
341 4128 430 4209 ὁρίοις]
451 4127 510 4211 ὀρια
527 4125 600 4205 λέγει
617 4124 663 4197 τήν
678 4123 764 4206 ἀρχὴν
782 4127 828 4197 τῆς
842 4123 979 4192 Βοιωτίας.
1021 4121 1225 4201 Μεταγειτνιών.
1246 4159 1286 4171 -
1303 4129 1346 4206 Τῇ
1367 4129 1436 4208 θεῷ]
1456 4131 1489 4204 τῇ
1511 4128 1619 4211 Ἀθηνᾷ·
1644 4133 1801 4216 &meust

197 4255 238 4267 -
247 4214 416 4289 Διαλύεσθαι]
436 4216 595 4297 ἀφίστασθαι
608 4217 660 4273 τῶν
683 4216 801 4293 ἀγωγῶν.
813 4247 853 4260 -
882 4216 980 4274 Κακῶν
1021 4235 1089 4278 στως
1101 4210 1153 4292 γάρ
1167 4209 1235 4272 οὕτω
1247 4213 1325 4294 φασίν
1339 4217 1364 4273 οί
1376 4214 1518 4290 Ἀθηναῖοι,
1534 4216 1581 4277 καί
1594 4217 1642 4277 τὸν
1659 4221 1801 4284 Ἀπόλλωνι

199 4302 280 4384 ἄρξει]
292 4302 361 4385 ἀρχὴ
376 4304 525 4382 γενήσεται.
538 4336 577 4349 -
590 4323 614 4364 4.
629 4302 674 4370 Ἐς
686 4303 717 4360 τό
731 4300 915 4383 στρατόπεδον]
929 4304 980 4359 τῶν
1021 4299 1125 4377 ὁμοίως.
1139 4334 1178 4345 ·-
1192 4319 1213 4358 4.
1230 4300 1301 4382 Πρὸς
1315 4303 1433 4363 ταῦτατὸ
1445 4303 1531 4386 μέρος]
1544 4303 1576 4363 τό
1588 4305 1689 4371 νότιον.
1703 4343 1744 4358 --
1753 4313 1825 4381 Πςθ

158 4408 186 4448 ω
199 4392 424 4468 Λακεδαιμονίων.
437 4424 479 4437 -
490 4388 663 4462 Ἐνδώσουσι]
678 4388 930 4460 ταπεινωθήσονται.
940 4423 981 4434 -
1021 4389 1084 4459 Γῆς]
1098 4392 1145 4459 τῆς
1157 4386 1305 4468 Δήμητρος.
1319 4430 1359 4442 -
1374 4390 1422 4450 Ἐν
1435 4390 1557 4467 Λίμναις]
1571 4390 1677 4471 Λίμναι
1687 4396 1801 4465 &mh

198 4499 221 4539 ιι.
237 4477 324 4559 Μέρος
335 4478 382 4556 μίν
396 4479 427 4539 τὸ
443 4479 576 4561 σφέτερον]
591 4477 623 4538 τό
635 4478 762 4558 δίμοιρον,
774 4481 809 4546 ῶς
822 4475 869 4535 καί
879 4474 980 4556 «πρότε-
1020 4474 1206 4557 τῇόκροπόλει
1225 4478 1278 4534 τῶν
1300 4476 1420 4549 Ἀθηνῶν.
1441 4513 1482 4523 -
1499 4477 1543 4539 Τά
1558 4481 1741 4566 ἀρχαιότερα]
1760 4483 1801 4566 ὀρ-

198 4588 241 4646 pov
256 4564 365 4646 ἔίρηται,
1020 4562 1146 4643 χαιότερα
1163 4553 1234 4636 εἶπε,
1252 4563 1316 4623 διότι
1335 4564 1390 4625 ἔστι
1413 4566 1458 4624 καί
1477 4565 1589 4647 νεώτερα
1611 4567 1695 4630 ἄλλα.
1710 4605 1752 4618 «-
1765 4575 1800 4652 Τῇ

239 4656 319 4715 Xlll.
341 4655 402 4716 ΙΕτι
417 4653 456 4734 δε]
465 4653 545 4712 πάλιν
560 4651 682 4733 ἀνωτέρω
692 4651 874 4734 ἐπανατρέχει.
892 4651 979 4712 -Ἐν
1020 4651 1167 4731 δωδεκάτη]
1182 4657 1227 4710 τοῦ
1249 4652 1338 4729 μηνός.
1361 4695 1390 4706 -
1419 4652 1474 4714 Καί
1492 4657 1517 4712 οί
1537 4655 1584 4714 ἀπ’
1604 4655 1710 4733 Ἀθην]
1725 4660 1799 4720 καλά

199 4742 251 4822 ὁδῷ
265 4741 358 4814 όντων]
370 4742 481 4821 έτοίμων
491 4741 573 4801 ὄντων
586 4741 661 4800 ἰέναι.
675 4772 716 4785 -
730 4739 808 4820 Ἰδίφ]
821 4738 879 4799 ἀντί
891 4744 937 4797 τοῦ
952 4738 978 4808 ἐξ
1021 4737 1124 4796 ἄποικοι
1148 4741 1200 4797 τῶν
1213 4737 1365 4810 Ἀθηναίων.
1389 4775 1429 4785 -
1449 4739 1608 4818 Νομίζουσι]
1629 4745 1702 4804 κατὰ
1729 4747 1822 4826 νόμων

162 4841 187 4880 5⁰
200 4827 267 4896 ίδίας
279 4829 463 4911 προαιρέσεως.
488 4864 528 4874 -
550 4831 573 4889 Γ
573 4827 665 4900 ένοιτο]
682 4827 739 4886 ἀντί
749 4833 796 4886 τοῦ
814 4826 923 4906 ἐγένετο.
941 4860 980 4873 -
1020 4831 1132 4884 ποιοῦσι.
1156 4858 1194 4871 -
1208 4824 1313 4904 Ταύτῃ]
1327 4825 1392 4908 πρὸς
1403 4826 1484 4886 νότον.
1495 4867 1533 4880 -
1549 4849 1572 4888 τ.
1586 4831 1652 4890 Τῶν
1661 4832 1797 4914 τυράννων]

200 4914 280 4977 Κατδι
293 4923 386 4989 ταῦτα]
399 4916 480 4977 διὰτὸ
494 4916 532 4994 μὴ
544 4918 737 4996 δηῶσαι.-τ.
748 4904 848 4999 ᾟπερ]
864 4917 890 4973 ἐν
898 4907 980 4995 (²15.-
1019 4917 1071 4972 τῶν
1088 4916 1342 4995 Πεισιστρατιδῶν.·
1388 4916 1449 4974 Τῶν
1469 4918 1572 4994 πηγῶν]
1586 4920 1641 4976 τῶν
1657 4920 1797 4981 άναδόσιυν

199 4999 252 5062 Διά
265 5004 360 5085 χειρός]
378 5007 411 5063 δι’
423 5003 586 5082 ἐπιμελείας,
602 5001 645 5062 ἵνα
659 5002 697 5081 μή
713 5005 856 5062 ἀποστῶσι.
872 5002 980 5074 -Τήν
1019 5005 1065 5059 τοῦ
1074 5001 1175 5066 ὓδατος.
1192 5042 1232 5054 -
1243 5000 1340 5079 Ἐγγθς
1353 4999 1429 5081 ούση]
1440 5001 1667 5085 τῆςάκροπολεως
1676 5008 1795 5080 δηλονότι

202 5089 289 5166 ἰσχύν]
305 5090 335 5150 τό
358 5091 427 5165 ἑξῆς,
448 5091 496 5164 τήν
514 5089 591 5171 ἰσχύν
614 5089 668 5149 ἀπό
690 5094 742 5150 τῶν
764 5089 909 5172 χρημάτων
934 5094 980 5162 τῆς
1020 5086 1112 5150 -Τδ
1125 5087 1249 5148 πλείστου
1262 5087 1322 5159 άξια
1337 5090 1463 5171 ἐχρῶντο]
1482 5089 1568 5150 λείπει
1582 5096 1600 5164 τ]
1612 5095 1667 5170 είς,
1682 5085 1795 5178 HM:

261 2248 315 2299 Ἤτ*
325 2244 392 2310 ὀλίγη
403 2246 444 2310 μὲν
455 2249 538 2310 πρῶτα
545 2243 693 2309 κορύσσεται.
