3676 5828
1490 214 1510 255 ο

594 325 787 387 nlstonlln
808 325 879 384 Llli.
903 325 989 402 vill,
1011 334 1048 384 ao
1064 357 1103 368 -
1118 332 1166 383 il.
1629 330 1682 385 abt

72 485 162 529 πιστος
176 454 243 521 ε’ίναι
259 458 328 519 ἀλλὰ
341 459 375 518 ait
391 459 444 518 αἰπδ
459 461 510 517 τῶν
527 457 659 536 πολεμίων
677 454 804 540 προειδὼς
818 459 857 537 τῷ
899 455 951 517 lim
968 459 1023 505 οαιο
1033 457 1157 517 comperta
1166 451 1317 516 Phrynicho,
1332 456 1360 502 nl
1371 451 1480 512 conscio,
1491 464 1534 515 per
1552 451 1688 504 inimicitias

72 552 199 632 Φρυνίχῳ
218 554 253 616 ὥς
272 547 394 618 ξυνειδότι
413 548 471 606 κατ’
486 546 582 628 ἔχθραν
600 545 763 618 ἀνατιθέναι,
782 543 856 604 οὐδέν
903 564 1687 631 ,offiguefffinffiflhupcmopgpmwmqooohaeofoffimo,

71 641 186 721 έόλαψεν
199 637 287 709 αὐτόν,
300 636 369 695 illi
380 636 426 694 καί
438 633 648 716 ξυνεμαρτθρησε
662 636 762 712 μᾶλλον
773 641 856 693 ταῦτα

72 727 234 806 έσαγγείλας.

113 819 173 876 Lll.
196 819 273 875 Πετθ
292 815 319 872 δὲ
332 819 410 872 τοῦτο
426 810 591 882 Ἀλκιὸιοίὸης
609 808 655 889 μίν
670 810 857 892 Τισσαφέρνην
933 829 982 876 ιιι.
998 830 1085 877 Postea
1101 840 1159 876 vero
1174 824 1309 876 Alcibiades
1323 823 1422 887 quidem
1435 823 1619 886 Tissaphernem
1638 835 1688 872 mo·

72 905 252 985 παρεσκείιαζε
262 901 308 961 καί
320 900 454 959 ἀνέπειθεν
466 898 537 966 ὅπως
549 898 621 980 ρίλος
635 897 710 957 ίσσαι
720 903 773 966 τοῖς
783 900 858 970 Ἀθη·
901 915 975 966 nebat
988 919 1013 964 et
1023 914 1152 963 inducebat
1161 948 1169 975 ,
1178 918 1206 962 ut
1215 913 1308 962 amicus
1319 917 1384 962 esset
1392 911 1592 973 Atheniensibus,
1604 911 1688 960 timon

72 992 165 1062 ναίοις,
183 990 284 1049 δεδιότα
300 987 347 1066 μὲν
366 986 425 1054 τοὺς
439 985 681 1058 Πελοποννησίους,
695 984 735 1044 ότι
754 986 857 1045 πλείοσι
902 1008 951 1054 tom
960 1003 1057 1067 qojoooo
1071 1003 1269 1066 peloponnesios,
1279 1000 1343 1064 qood
1356 1000 1504 1062 majorinum
1514 1000 1604 1059 elassa,
1615 1011 1689 1061 quam

72 1080 149 1140 ναυσι
167 1082 219 1137 τῶν
237 1076 378 1150 Ἀθηναίων
399 1080 532 1154 παρῆσαν,
553 1073 709 1154 βουλόμενον
728 1072 755 1132 δὲ
771 1072 856 1151 ὅμως,
902 1089 1071 1151 Athenienses,
1088 1088 1215 1150 adessent,
1232 1088 1367 1151 cupientem
1388 1092 1482 1148 nmen,
1496 1088 1518 1137 si
1533 1100 1581 1150 qua
1598 1087 1688 1136 ratione

73 1171 96 1227 ai
117 1167 222 1226 δύναιτό
240 1190 310 1237 ποις,
325 1168 480 1236 πεισθῆναι,
495 1163 581 1229 ἄλλοις
597 1186 626 1220 τε
642 1162 687 1220 καί
706 1162 795 1232 ἐπειδὴ
809 1159 857 1231 σιν
902 1184 996 1240 posset,
1006 1176 1078 1226 tidem
1090 1177 1191 1239 habere,
1204 1176 1336 1239 praesertim
1348 1179 1477 1239 postquam
1487 1175 1563 1224 sensit
1578 1175 1688 1238 Pelopon·

73 1259 100 1315 έν
112 1261 145 1336 τῇ
160 1255 249 1336 Κνίδῳ
266 1252 391 1335 διαρορδιν
409 1252 470 1333 περι
490 1255 541 1309 τῶν
558 1253 618 1332 Θηρ
622 1249 721 1328 ιμένσος
740 1252 857 1309 σπονδῶν
902 1261 1206 1326 nesiorunrapudcnidum
1216 1262 1247 1312 de
1260 1262 1610 1326 irededbusper'lberimencm
1620 1262 1689 1312 iactis

73 1345 219 1424 ᾔσθετο
184 1368 236 1402 τιιν
252 1339 514 1416 Πελοποννησίων(ἥ
518 1338 615 1420 δηγιιρ
629 1339 698 1396 κατὰ
711 1361 801 1397 τουτον
813 1360 856 1396 τον
901 1350 1074 1400 dissensionem
1087 1350 1205 1412 (namhoc
1220 1348 1691 1414 temporeqnumilliapudlihodumes·

75 1432 168 1514 καιρὸν
183 1434 208 1491 έν
222 1436 256 1510 τῇ
271 1429 356 1511 Ῥόδω
370 1429 493 1487 ὄντων’
463 1431 549 1486 αυτῶν
562 1425 728 1506 ἐγεγένητο),
741 1428 767 1484 ἐν
782 1419 837 1505 ᾖ
813 1449 857 1484 τον
902 1437 1687 1513 sent,1amerstrterat)inquarllomprroremalcrbsadlsser

73 1545 119 1580 του
141 1518 306 1580 Ἀλκιόιοίδου
326 1488 403 1594 λόγον
424 1515 548 1597 πρότερον
573 1512 708 1596 εἰρημένον
729 1515 789 1595 περι
811 1520 857 1573 τοῦ
902 1526 1090 1584 monemdeeo,
1102 1525 1569 1589 quodLacedaemonilcivitateaomnes
1583 1525 1607 1575 iu
1620 1525 1689 1574 liber·

74 1611 222 1689 ἐλευθεροῦν
248 1603 307 1672 τοὺς
329 1604 552 1714 Λακεδαιμογίους
571 1600 657 1670 'circ‘
643 1601 749 1669 αποίσας
770 1605 858 1670 πόλεις
902 1619 977 1664 tatem
988 1619 1133 1674 assererent
1146 1614 1232 1664 Lichas
1240 1627 1325 1663 rerum
1337 1627 1391 1664 esse
1404 1614 1578 1665 demonstravit
1583 1625 1690 1675 ,uagam

73 1696 251 1768 έπηλήθευσεν
270 1692 397 1772 δλίχας,
415 1696 444 1750 οὐ
461 1691 569 1774 ρέσκων
584 1682 737 1750 αἰνεκτδνεῖ
713 1715 779 1750 εναι
795 1689 858 1800 ξογ-
902 1703 964 1752 hanc
973 1703 1108 1766 pachonem
1120 1701 1268 1752 tolerandam
1283 1715 1353 1762 esse,
1364 1707 1391 1752 ut
1400 1701 1619 1752 rexeasorvrtates
1627 1700 1689 1750 obta

73 1788 176 1843 strichen
189 1789 293 1864 κρατεῖν
309 1779 464 1860 βασιλέα
429 1804 480 1839 των
494 1770 628 1839 πόλεωνῗ
608 1804 644 1838 ων
657 1779 720 1838 ποτέ
735 1778 780 1838 καλ
793 1777 858 1860 πρό-
902 1794 969 1841 neret
975 1791 1082 1854 ,quibus
1092 1791 1130 1840 rel
1142 1790 1209 1853 prius
1219 1790 1348 1853 aliquando
1358 1791 1418 1839 aut'
1411 1804 1464 1854 lpse
1473 1795 1516 1840 aot
1524 1789 1577 1850 ejus
1587 1788 1690 1850 maiores

73 1895 148 1954 τερον
163 1868 298 1942 ἦαυτδςῆ
315 1871 339 1928 ol
353 1866 421 1927 πατέ
423 1891 463 1951 ες
474 1860 564 1948 ηργσν
607 1866 737 1928 Παιδί
706 1891 753 1946 μιν
769 1868 858 1926 ’-ιιλκι
902 1880 1066 1942 imperassent.
1099 1881 1130 1928 at
1139 1879 1273 1929 Alcibiades
1285 1879 1397 1941 quidem
1407 1880 1491 1941 utpote
1501 1891 1545 1941 orn
1538 1877 1648 1939 magnis
1658 1875 1689 1926 do

74 1957 180 2032 ὅιοίδης,
191 1956 236 2016 ὅτε
246 1958 306 2037 περί
318 1957 440 2035 μεγάλων
452 1955 653 2034 ἆγιονιζοίιενος,
665 1978 716 2036 προ
718 1952 858 2032 θνμιυςτὸν
902 1968 974 2017 rebus
984 1967 1136 2018 contenderet
1145 1967 1349 2030 Tissaphernem
1356 1965 1556 2016 ohserrsstudmse
1564 1964 1691 2016 dammam

73 2045 259 2128 Τισσαφέρνην
273 2044 421 2127 θεραπεύων
434 2043 595 2125 προσέκειτο·
902 2070 952 2106 rem
966 2056 1080 2118 urgebat3

118 2138 190 2195 llll.
211 2137 235 2192 oi
258 2131 286 2192 di
310 2130 377 2211 perd
400 2156 446 2191 τοο
472 2130 589 2190 Πεισοίνδ
591 2154 634 2212 ρου
660 2129 841 2212 optasse
805 2154 857 2188 σοιν
933 2147 997 2194 Llll.
1015 2141 1473 2205 Atheniensiumverolegatl,quicum
1485 2139 1689 2191 Pis'andmexsa·

73 2221 215 2295 Ἀθηναίων
230 2219 420 2285 ἀποσταλέντες
435 2222 465 2277 ἕιι
483 2224 529 2290 σλς
543 2220 652 2296 Σοέμου,
667 2217 819 2300 ἀφικόμενοι
834 2220 859 2284 ἐς
902 2246 942 2281 mo
949 2233 1099 2293 missicrant,
1110 2245 1185 2295 quum
1195 2231 1301 2281 Athenas
1309 2230 1483 2293 pervenissent,
1496 2228 1561 2292 apud
1569 2227 1685 2291 populum

73 2310 122 2377 τις
133 2309 253 2382 Ἀθήνας,
265 2307 356 2388 λόγους
368 2309 500 2366 ἐποιοῦντο
512 2309 538 2364 ἕν
552 2311 589 2387 τῷ
600 2306 676 2386 δήμῳ
686 2307 858 2387 κεραλαιοῦν-
902 2320 975 2369 verba
993 2319 1126 2381 iaciebant,
1140 2321 1164 2369 in
1175 2332 1295 2368 summam
1310 2319 1386 2367 multa
1404 2319 1557 2379 colligentes,
1571 2316 1690 2379 precipue

73 2423 116 2466 τες
127 2401 157 2457 ἐκ
168 2400 282 2468 πολλῶν,
294 2397 410 2474 μάλιστα
423 2393 449 2453 δὲ
461 2398 497 2461 ὡς
506 2393 573 2466 ἐξείη
589 2397 676 2461 αὐτοῖς
691 2392 857 2464 Ἀλκιθιοίδην
903 2422 960 2458 rem
969 2408 1174 2468 demonstrantes,
1190 2407 1258 2457 tacite
1270 2407 1300 2456 iis
1311 2406 1409 2467 esse,sl
1423 2405 1571 2456 Alcibiadem
1582 2404 1690 2454 restitue·

74 2491 253 2565 καταγαγοῦσι
265 2485 311 2543 και
325 2483 362 2562 μὴ
376 2483 419 2542 τδν
437 2484 513 2541 αὐτὸν
527 2482 623 2564 τρόπον
639 2481 858 2564 δημοκρατουμέ-
902 2500 969 2556 rent,
979 2509 1023 2547 nec
1032 2496 1135 2559 amplius
1144 2494 1228 2545 eodem
1241 2495 1313 2544 modo
1319 2494 1428 2558 populari
1441 2497 1506 2543 statu
1516 2496 1654 2554 uterentur,
1666 2494 1691 2540 et

74 2598 126 2641 νοις
145 2573 256 2654 βασιλέα
277 2597 305 2632 σε
325 2570 463 2650 ξύμμαχον
487 2569 620 2650 ἔχεινκαὶ
640 2569 858 2641 Πελοποννησίων
902 2598 982 2646 regem
999 2585 1092 2633 seclum
1109 2583 1197 2633 habere
1209 2587 1234 2632 et
1246 2581 1432 2645 Peloponnesios
1446 2591 1567 2644 superare.
1599 2577 1691 2640 (tlsed

74 2661 264 2742 περιγενέσθαι.
300 2660 334 2739 (a)
349 2658 546 2737 Ἀντιλεγόντων
559 2659 701 2717 dissilire
713 2656 759 2716 και
771 2657 857 2716 ἄλλοιν
903 2685 979 2734 quum
993 2672 1067 2721 etalii
1079 2671 1150 2720 multi
1162 2669 1193 2722 de
1208 2670 1317 2733 populari
1330 2674 1393 2719 statu
1409 2667 1613 2728 contradicerent,
1624 2669 1649 2716 et
1660 2666 1691 2715 si·

74 2751 136 2831 περὶ
145 2754 191 2821 τῆς
198 2749 385 2831 δημοκρατίας,
396 2748 441 2807 καί
453 2750 504 2805 τῶν
516 2746 681 2806 ’Ᾱλαιὸιοίδου
692 2745 750 2824 ips
760 2748 857 2828 ἐχθρῶν
903 2760 954 2809 mul
962 2759 1092 2810 Alcibiadis
1101 2759 1191 2808 inimici
1200 2755 1690 2819 vociferarentur,indignnmiacinuscssc,

74 2836 240 2897 δισίοώντων
254 2841 289 2904 ὡς
306 2836 387 2896 δεινὸν
407 2836 447 2909 εἴη
469 2837 491 2893 εί
509 2833 568 2901 rabo
588 2833 682 2910 νόμους
702 2834 859 2913 βιασάμενοι
903 2849 938 2908 ιι,
949 2848 1042 2910 legiam
1054 2848 1077 2897 ιι
1090 2848 1164 2906 rua,
1181 2847 1281 2909 ιωιιω,
1295 2845 1485 2908 ernumotoiose
1502 2850 1527 2895 ct
1544 2846 1648 2907 ceryces
1661 2842 1691 2893 de

75 2926 203 3003 κάτεισιν,
215 2925 260 2984 και
275 2926 448 3002 Εὐμολπιδῶν
464 2923 509 2981 και
526 2920 655 3003 Κηρύκων
671 2920 731 3000 περὶ
745 2925 797 2979 τῶν
809 2946 859 2998 μυ·
903 2936 1023 2998 mysticis,
1035 2939 1132 2998 propter
1142 2947 1198 2997 quae
1208 2934 1357 2998 profugerat,
1367 2932 1658 2992 testimoniumdicerent,
1667 2936 1691 2981 et

76 3018 171 3072 στικῶν
186 3013 218 3072 δι’
236 3013 302 3094 ἅπερ
318 3011 396 3094 ἔφυγε
414 3010 618 3091 μαρτυρομένων
634 3009 680 3069 καὶ
696 3008 859 3078 ἑπιθειαζόν-
903 3038 945 3088 per
957 3037 996 3073 res
1007 3023 1102 3073 divinas
1118 3023 1307 3082 obtestarentur,
1322 3035 1352 3071 nc
1369 3021 1523 3081 reducerent,
1535 3019 1650 3070 Pisander
1666 3020 1691 3070 in

75 3125 128 3160 των
141 3100 177 3179 μὴ
188 3099 322 3179 κατάγειν,
334 3105 348 3158 δ
359 3099 520 3180 Πείσανδρος
531 3096 668 3179 παρελθὼν
682 3097 746 3179 αρὀς
759 3097 858 3169 πολλὴν
903 3111 1010 3161 medinm
1028 3123 1181 3175 progressus,
1197 3111 1260 3159 inter
1275 3109 1376 3158 multam
1387 3108 1578 3158 adversationem
1590 3112 1615 3157 et
1631 3107 1691 3157 indi·

76 3189 223 3269 ἀντιλογίαν
237 3188 283 3248 καί
297 3191 474 3269 σγατλιασμὸν
489 3188 578 3269 ἠρώτα
593 3186 637 3245 ἕνα
648 3187 758 3246 ἕκαστον
769 3185 857 3268 παρέ·
903 3200 1039 3262 gentionem
1051 3198 1163 3261 quemvis
1179 3210 1255 3246 unum
1272 3210 1369 3258 eorum,
1386 3195 1428 3259 qul
1446 3195 1654 3255 contradicebant,
1667 3195 1692 3244 ln

75 3303 129 3357 γων
147 3283 198 3337 τῶν
218 3276 413 3356 ἀντιλεγόντων,
434 3275 459 3334 εί
472 3300 530 3335 τινα
545 3274 637 3334 ἐλπίδα
660 3273 715 3354 ἔχει
729 3275 860 3354 σωτηρίας
903 3287 1009 3337 medium
1021 3284 1334 3348 pmducensintcrmgabat,
1345 3297 1485 3347 numquam
1495 3283 1579 3332 salutis
1589 3283 1692 3346 publicae

75 3371 109 3447 τῇ
126 3366 200 3425 πόλει
218 3363 438 3436 Πελοποννησίων
453 3369 514 3430 ναῦς
532 3386 560 3420 τε
579 3364 627 3421 οὗιι
643 3362 769 3428 ἐλοίοσονς
788 3365 859 3443 σρῶν
905 3389 972 3439 spem
982 3375 1089 3436 haberet,
1100 3387 1175 3436 quum
1185 3372 1349 3436 Peloponnesii
1359 3385 1407 3421 noe
1416 3371 1690 3434 pauciores,quamipsl,

76 3455 104 3511 ἐν
117 3458 150 3533 τῇ
165 3450 285 3531 θαλάσση
301 3448 479 3534 ἀντιπῴρρονς
494 3451 606 3530 ἐχόντων
621 3449 666 3508 καί
685 3449 773 3516 πόλεις
791 3449 857 3528 ξυμ·
906 3477 982 3513 nares
993 3467 1075 3513 contm
1087 3476 1113 3512 se
1125 3463 1149 3511 tn
1160 3462 1210 3511 acie
1225 3465 1317 3510 stantes
1333 3460 1358 3509 in
1367 3460 1427 3509 marl
1436 3459 1567 3519 habereut,
1579 3463 1604 3508 et
1615 3459 1692 3508 socias

77 3540 192 3619 μσχίδαι
202 3539 320 3612 πλείονι,
333 3538 461 3619 βασιλέως
471 3562 500 3596 τε
513 3535 653 3605 αὐτοῖςκαὶ
665 3536 860 3618 Τισσαφέρνους
903 3551 1109 3615 scriniariorum,
1117 3547 1692 3612 praetereaquumreret‘rlscspnemespeeuutas

75 3629 202 3709 χρήματα
217 3626 395 3709 παρεχόντων,
411 3626 483 3709 σρίσι
495 3649 523 3684 τε
535 3624 621 3684 οὐκέτι
634 3625 725 3695 ὄντοιν,
737 3627 759 3682 ει
774 3623 860 3701 μήτις
904 3641 934 3690 ιιι
945 3638 1122 3703 suppeditaret,
1135 3637 1194 3700 ipsis
1205 3649 1262 3686 vero
1272 3636 1344 3686 nullae
1356 3635 1459 3700 amplius
1471 3640 1566 3695 essent,
1578 3635 1625 3684 uisi
1636 3635 1693 3698 quis

75 3715 161 3775 πείσει
174 3714 283 3796 βασιλέα
299 3720 461 3793 μεταστῆναι
475 3711 635 3795 παρθσρᾶς·
679 3715 709 3790 (³)
723 3711 859 3772 Ὁπότεδὲ
904 3726 1168 3792 mgipersnadcret,nt
1179 3724 1209 3774 ad
1224 3724 1380 3774 setramiret.
1416 3724 1449 3786 (³)
1461 3723 1506 3773 Ubi
1517 3728 1598 3772 arrtem
1617 3723 1691 3773 inter·

77 3803 114 3880 μὴ
136 3802 251 3884 ραίησαν
277 3801 455 3884 ἐρωτώμενοι,
476 3803 587 3860 ἐνταῦθα
609 3799 641 3872 δὴ
661 3803 750 3880 σαρῶς
772 3801 860 3879 ἔλεγεν
903 3815 1441 3878 rogatiillispemessenegarent,toncvero
1450 3810 1529 3875 palam
1540 3811 1691 3860 dicebatlis:

76 3893 163 3957 αὐτοῖς
178 3887 218 3947 ότι
232 3918 244 3941 a
264 3895 340 3948 τοῦτο
352 3888 437 3948 τοίνυν
452 3891 500 3948 οὐκ
513 3888 584 3948 ἔστιν
604 3889 669 3965 ἡμῖν
689 3887 821 3966 γενέσθαι,
837 3890 860 3946 εἰ
905 3925 917 3948 ι
930 3909 980 3953 llos
991 3904 1062 3966 igitur
1073 3901 1143 3952 nobis
1151 3902 1288 3963 contingere
1297 3914 1344 3951 non
1356 3905 1450 3965 potest,
1462 3900 1509 3950 nisi
1521 3899 1692 3964 rempublicam

76 3974 115 4053 μθ
129 3975 316 4055 τιολιτεύσομίν
327 4001 355 4035 τε
368 3975 575 4058 σωφρονέστερον
585 3974 630 4034 καί
640 3977 665 4042 ἐς
679 3974 781 4052 ὀλίγους
791 3977 859 4052 μᾶλ·
903 3991 1124 4042 administrabimus
1140 3990 1286 4052 sapientius,
1307 3992 1332 4039 et
1349 3990 1504 4052 magistratus
1519 3987 1550 4037 ad
1566 3988 1693 4051 pauciores

75 4065 121 4122 λσν
135 4061 182 4132 τίς
195 4065 279 4146 ἀρχαι
291 4064 444 4143 ποιήσομεν,
459 4063 503 4122 ἵνα
518 4062 628 4142 πιστεύῃ
643 4065 706 4141 ἡμῖν
725 4062 859 4144 βασιλεύς,
904 4081 1052 4142 deteramus,
1063 4083 1089 4128 ιιι
1102 4092 1143 4128 rex
1153 4077 1224 4129 fidem
1234 4078 1304 4127 nobis
1316 4077 1414 4140 ιιιιιωι,
1424 4076 1541 4139 nequem
1552 4076 1689 4138 reipublice

75 4152 120 4210 καί
145 4151 181 4229 μθ
203 4153 262 4233 napi
285 4153 418 4220 πολιτείας
439 4152 469 4211 σο
485 4153 564 4211 πλέον
585 4149 758 4233 βουλεύσομεν
778 4153 804 4209 ἐν
822 4157 860 4234 τῷ
905 4169 982 4218 forma
998 4169 1073 4230 magis
1088 4166 1277 4217 consultabimus
1290 4165 1316 4214 in
1330 4165 1473 4229 prasentia,
1486 4176 1558 4226 quam
1573 4162 1603 4212 de
1615 4163 1693 4213 salute

75 4239 185 4320 παρόντι
202 4239 220 4312 l
239 4241 301 4323 περὶ
318 4241 449 4322 σωτηρίαι
463 4239 588 4321 (ὕστερον
604 4238 655 4321 γὰρ
676 4237 777 4307 ἐξέσται
796 4243 859 4316 ἡμῖν
904 4257 968 4318 (nam
980 4262 1004 4306 er
1016 4256 1179 4320 poseamus
1190 4256 1333 4306 ιιωιιιιιιωσ
1347 4259 1453 4313 maure,
1467 4252 1554 4316 siquid
1566 4252 1691 4315 aeolicae

75 4327 121 4385 και
143 4327 314 4404 μεταθέσθαι,
332 4327 364 4401 ἢν
386 4329 424 4407 μή
444 4353 470 4387 τι
493 4327 623 4410 ἀρέσκῃ),
643 4327 811 4398 ’Λλκιὸιοίδην
830 4351 859 4386 τε
904 4345 958 4406 ιιι),
975 4345 1171 4408 Alcibiademque
1186 4343 1343 4403 reducemus,
1362 4342 1404 4405 qui
1423 4340 1489 4390 solus
1507 4339 1629 4401 omnium,
1647 4339 1689 4402 qui

75 4413 230 4492 κατοίξομεν,
250 4415 277 4482 l<
296 4414 371 4494 μόνος
384 4420 436 4476 τῶν
453 4422 496 4475 νῦν
515 4407 567 4483 οἷός
586 4439 614 4474 τε
635 4420 710 4474 τοῦτο
728 4414 861 4497 κατεργό-
903 4446 968 4482 oooo
978 4433 1078 4494 vivont,
1087 4433 1136 4481 hoo
1148 4429 1265 4481 ooofiobro
1276 4435 1363 4494 potest,
1377 4450 1389 4472 ι

76 4507 181 4561 σασθαι.
196 4532 207 4555 a

115 4591 188 4651 LIV.
211 4590 246 4650 ‘0
260 4589 286 4650 δὲ
301 4593 384 4670 δῆμος
397 4592 428 4650 τδ
442 4590 489 4671 μὲν
502 4595 606 4672 πρῶτον
619 4589 721 4650 ἀκούων
736 4591 861 4670 χαλεπῶς
937 4602 999 4649 le.
1017 4598 1126 4661 Populus
1135 4610 1192 4648 vero
1201 4598 1279 4661 primo
1288 4595 1385 4660 quidem
1395 4595 1449 4644 bno
1458 4593 1558 4644 audiens
1568 4593 1598 4644 de
1608 4606 1692 4657 pauoo·

75 4676 151 4757 ἔρερε
164 4677 195 4736 τὸ
212 4677 273 4759 περι
290 4683 337 4751 τῆς
351 4678 512 4761 ὀλιγαρ·ίας·
527 4682 616 4760 σαρῶς
632 4677 659 4736 δὲ
676 4677 861 4755 διδασκόμενος
905 4700 960 4736 mm
970 4686 1093 4736 dominatu
1103 4687 1207 4749 graviter
1216 4682 1371 4744 lerebat;sed
1385 4695 1460 4746 quum
1470 4695 1485 4731 a
1495 4681 1610 4732 Pisandro
1621 4682 1690 4745 plano

75 4765 127 4822 ὑπὸ
141 4771 185 4824 τοῦ
204 4764 367 4847 Πεισάνδρου
384 4767 422 4844 μὴ
437 4703 503 4824 είναι
520 4766 601 4837 ἄλλην
619 4764 760 4845 σωτηρίαν,
775 4765 861 4834 δείσας
905 4774 1097 4834 (ιυσειειυι,ιιοιι
1107 4787 1161 4824 esse
1169 4774 1241 4822 aliam
1252 4771 1337 4822 salutis
1347 4771 1478 4832 mtionem,
1488 4775 1553 4819 metu
1564 4769 1689 4832 perculsus

75 4851 122 4914 και
143 4852 200 4930 ἅμα
221 4853 365 4922 ἐπελπίζων
384 4858 419 4921 ὡς
437 4852 483 4912 καί
504 4853 707 4930 μεταόαλεῖται,
727 4851 860 4914 ἐνέδωκεν.
904 4869 928 4914 et
940 4863 1011 4913 simul
1023 4863 1095 4912 etiam
1112 4874 1224 4925 sperans,
1241 4861 1291 4910 lore
1309 4859 1450 4923 aliquando,
1461 4863 1489 4908 nt
1500 4871 1538 4907 res
1554 4857 1690 4908 immutare·

76 4944 109 5018 la)
134 4941 189 5000 Καὶ
211 4941 370 5022 ἐψηφίσαντο
393 4941 544 5001 πλεύσαντα
566 4941 609 5000 τὸν
634 4940 796 5023 Πείσανδρον
815 4943 860 5001 καλ
905 4956 952 5011 tor,
968 4951 1049 5001 cessit.
1083 4951 1118 5012 (t)
1135 4955 1165 5001 Et
1180 4949 1350 5009 decreverunt,
1363 4952 1390 4996 nt
1408 4946 1521 4996 Pisandes
1532 4958 1588 4995 cnm
1606 4944 1688 4994 decem

76 5028 142 5086 δέκα
158 5028 252 5104 ἄνδρας
264 5033 320 5106 μετ’
332 5033 411 5089 αὐτοῦ
421 5029 548 5113 πράσσειν
563 5029 615 5108 ὅπῃ
628 5028 659 5086 δν
673 5030 759 5095 αὐτοῖς
771 5029 858 5103 δοκοίη
904 5039 1002 5101 collegis
1021 5039 1214 5102 proficisceretur
1231 5037 1261 5086 ad
1280 5049 1331 5086 rem
1347 5048 1404 5084 cum
1420 5034 1578 5098 Tissapherne
1592 5038 1616 5083 et
1627 5033 1690 5084 Alol-

76 5116 174 5194 ἄριστα
190 5113 252 5180 ἕξειν
261 5116 293 5173 τοί
307 5141 334 5176 τε
351 5118 415 5197 πρὸς
429 5117 472 5176 τδν
486 5115 670 5198 Τισσαρέρνην
683 5115 728 5175 και
741 5115 785 5176 τδν
798 5116 855 5177 ’Al-
904 5127 972 5182 hiade
981 5125 1170 5190 transigendam,
1182 5131 1209 5176 nt
1219 5139 1233 5177 e
1245 5123 1365 5190 republica
1378 5123 1482 5174 maxime
1495 5122 1545 5174 lore
1554 5122 1614 5186 lpsls
1624 5122 1689 5176 vida·

902 698 947 734 auo
959 684 1095 748 testimonio
1104 697 1159 733 enm
1170 683 1250 745 potios
1261 681 1361 742 ιθιυνιι.
