3676 5828
63 333 119 383 ειι
743 300 1003 374 raucumms'

63 446 170 529 ὕστερον
190 445 216 516 ἐξ
235 449 314 519 οιύτῆς
335 443 444 526 πολέμῳ
462 443 566 526 εύρήσει
586 467 624 511 τις
645 446 761 501 τοσαῦτα
782 441 844 516 ἔτη,
888 449 1020 512 quotdbrl‚
1032 450 1306 515 repperiet,eltempore
1314 452 1572 519 computet,etdiesp

63 533 228 614 λογιζόμενος
242 530 312 593 κατὰ
326 531 385 598 τοὺς
397 529 518 612 χρόνους,
530 529 576 588 καί
589 529 689 609 ἡμέρας
705 530 734 587 ού
746 527 845 595 πολλός
886 537 1010 599 parieosin
1021 537 1157 587 discrimine
1168 538 1272 602 positos,
1283 542 1308 588 et
1322 551 1353 588 ex
1364 540 1409 600 iis,
1420 540 1464 603 qul
1475 540 1570 604 aliquid

63 619 286 703 παρενεγκσύσας,
300 618 345 679 καί
358 620 411 685 τοῖς
424 617 476 677 ἀπὸ
490 621 618 698 χρησμῶν
632 641 658 675 τι
672 615 845 697 ίσχυρισαμέ-
886 624 946 673 culte
962 624 1123 685 affirmarunt,
1142 624 1188 675 boc
1203 639 1279 675 uuum
1297 631 1412 676 eventum
1429 627 1504 677 tidem
1521 641 1572 679 corr

63 731 116 776 νοις
126 707 203 786 μόνον
216 706 334 779 δήτοῦτο
345 703 564 786 ἐχυρῶςξυμόοίν·
607 705 640 784 (ι)
653 703 693 761 ἀεί
703 705 753 783 γὰρ
763 703 845 782 ἔγωγε
886 711 1012 772 leiellisse;
1045 712 1078 774 (i)
1095 725 1188 776 semper
1199 713 1262 762 enim
1276 713 1388 776 equidem
1399 715 1569 776 meminl,vol

65 795 216 874 μέμνημαι,
231 794 276 853 καὶ
297 792 442 875 ἀρχομένου
462 798 506 851 τοῦ
526 789 641 868 πολέμου
656 790 700 849 καί
719 791 798 872 μέχρι
815 782 845 850 οἶ
887 797 1572 864 brrjusbelliinitiousqueadejusilnemvulgopnedimsit

65 879 242 951 ἐτελεύτησεν,
256 878 448 961 προφερόμενον
463 879 514 937 ὑπὸ
527 880 632 937 πολλῶν
647 876 686 936 ότι
702 878 756 962 τρίς
772 876 844 936 ίννέα
887 884 932 934 boc
948 885 1037 935 bellum
1053 892 1090 935 ter
1107 900 1212 936 novenos
1224 901 1299 937 anuos
1311 889 1360 949 geri
1374 902 1473 941 necesse
1485 903 1551 941 esse.

66 967 112 1039 ἔτη
124 967 177 1026 δέοι
188 966 306 1044 γενέσθαι
320 966 406 1025 αὐτόν.
450 966 482 1044 (s)
498 964 631 1024 Ἐπεύίων
647 965 673 1022 δὲ
693 962 845 1031 διαπαντὸς
887 977 978 1034 perstes
994 977 1075 1023 autem
1096 972 1130 1023 lui
1150 987 1193 1037 per
1213 979 1291 1024 totum
1311 975 1401 1025 bellum
1417 979 1443 1025 et
1463 990 1572 1039 cognosc

65 1057 161 1127 αὐτοῦ,
176 1053 359 1133 αἰσθανόμενός
374 1057 448 1132 τετῇ
464 1051 567 1132 ήλικίορ,
583 1051 628 1111 καί
646 1052 783 1132 προσέχων
798 1051 844 1123 τὴν
886 1063 968 1119 aetate,
977 1065 1002 1110 et
1013 1061 1119 1110 animum
1130 1061 1253 1123 diligenter
1262 1062 1403 1123 advertens,
1416 1067 1444 1112 at
1453 1063 1572 1127 aliquide

65 1140 182 1220 γνώμην,
194 1140 264 1207 ὅπως
278 1137 383 1221 ἀκριόές
394 1163 418 1197 τι
433 1138 551 1216 είσομαι·
567 1137 612 1197 καὶ
622 1136 715 1209 ξυνέύη
729 1160 773 1214 μοι
784 1136 845 1219 ρεύ-
887 1159 950 1205 rem;
962 1151 987 1195 et
996 1147 1082 1197 accidit
1090 1149 1163 1209 mibi,
1173 1153 1201 1198 ut
1215 1153 1268 1212 post
1280 1154 1409 1212 praeturam
1422 1151 1454 1200 ad
1464 1151 1572 1214 Ampbip

64 1250 119 1303 γειν
136 1227 183 1298 τὴν
200 1229 313 1303 ἐμαυτοῦ
332 1225 377 1297 ἔτη
399 1225 479 1284 εἴκοσι
498 1222 565 1303 perd
582 1223 630 1295 τήν
649 1226 673 1291 ἔς
692 1224 844 1305 Ἀμφίπολιν
887 1239 949 1282 stam
968 1236 1045 1297 patria
1062 1249 1136 1285 annos
1152 1235 1234 1297 viginti
1252 1237 1400 1299 exsularem,
1412 1243 1444 1287 ,et
1463 1243 1504 1298 ut,
1522 1253 1572 1302 quo

66 1313 235 1396 στρατηγίαν,
253 1313 299 1372 καί
330 1313 444 1394 ενομένιρ
460 1313 523 1394 παρ’
542 1311 696 1393 ἀμφοτέροις
711 1315 764 1379 τοῖς
777 1311 845 1392 προί-
887 1326 1002 1384 atrosque
1019 1322 1117 1383 luerim,
1135 1324 1284 1386 maximeque
1295 1323 1361 1387 apud
1376 1324 1567 1387 Peloponnesios

65 1423 161 1478 γμασι,
182 1401 227 1460 καλ
248 1404 298 1481 οὐχ
312 1339 396 1474 λσσον
417 1405 470 1468 τοῖς
493 1397 712 1472 Πελοποννησίων
732 1400 774 1457 διὰ
797 1398 845 1470 τὴν
886 1408 1572 1476 exsilium,faciliuseliquantoresgestasperotlumcogn

66 1486 159 1568 φυγήν,
176 1489 233 1546 καθ’
245 1488 358 1568 ἡσυχίαν
374 1512 399 1546 τι
414 1490 499 1546 αὐτῶν
514 1488 613 1565 μᾶλλον
627 1485 769 1545 αἰσθέσθαι,
813 1487 843 1564 (α)
887 1496 919 1556 (ο)
932 1499 993 1557 Ergo
1004 1498 1253 1561 controversias,quae
1265 1501 1319 1561 post
1330 1498 1460 1549 decennale
1472 1501 1566 1552 badum

65 1574 124 1647 Τήν
143 1566 186 1634 σύν
202 1577 268 1653 μετὰ
282 1575 315 1634 τίι
334 1573 397 1634 δέκα
416 1575 461 1648 έτη
482 1574 607 1656 διαροροίν
621 1573 709 1633 τεκαὶ
723 1572 845 1654 ξύγχυσιν
888 1587 957 1640 runt,
971 1584 1126 1633 eliodorum
1138 1585 1338 1648 perturbationem
1352 1591 1376 1635 et
1392 1600 1431 1636 res
1444 1587 1563 1652 deinceps

65 1667 116 1722 τῶν
131 1664 248 1721 σπονδῶν
260 1662 305 1721 καί
317 1662 350 1721 rb
364 1662 453 1721 ἔπειτα
467 1666 502 1729 ώς
511 1661 660 1739 ἐπολεμήθη
676 1661 845 1740 ἐξηγήσομαι.
886 1675 979 1731 gestas,
991 1677 1062 1735 prout
1070 1676 1144 1734 gestu
1153 1677 1222 1732 sunt,
1232 1673 1355 1722 enarrabo.

106 1753 227 1812 XXVII.
250 1749 360 1822 Ἐπειδὴ
375 1748 426 1831 γδιρ
441 1753 468 1808 αἱ
490 1749 718 1820 πεντηκοντούτεις
737 1750 846 1808 σπονδαί
917 1761 1015 1808 XXVll.
1033 1762 1163 1821 Postquam
1181 1761 1245 1810 enim
1261 1761 1433 1823 quinquaginta
1444 1776 1567 1814 annorum

20 1909 27 1919 ι
66 1838 182 1916 ἐγένοντο
196 1838 240 1896 καί
261 1837 366 1917 ὕστερον
387 1841 415 1896 αἱ
436 1836 599 1916 ξυμμαχίαι,
620 1837 665 1895 καί
687 1841 714 1895 αἱ
736 1836 787 1895 ἀπὸ
801 1841 847 1906 τῆς
888 1845 950 1894 lacta
962 1849 1018 1894 sunt
1027 1850 1052 1894 et
1061 1859 1115 1894 mox
1131 1847 1352 1908 societates,ctlam
1363 1848 1510 1911 legationes,
1522 1863 1572 1914 qne

66 1924 267 1997 Πελοποννήσου
277 1925 425 2005 πρεσύεῖαι,
433 1924 511 2004 αίπερ
519 1924 723 2004 παρεκλήθησαν
733 1927 758 1990 ές
770 1925 846 1998 αὐτοί,
888 1932 1016 1993 loponneso
1026 1933 1057 1981 ad
1068 1934 1121 1982 lime
1130 1935 1213 1983 accitae
1226 1939 1307 1996 erant,
1321 1935 1495 1987 Lacedaemone
1506 1938 1572 1989 disee

67 2012 214 2094 ἀνεχώρουν
230 2015 260 2071 ἐκ
273 2017 319 2084 τῆς
334 2012 537 2090 Λακεδαίμονος.
580 2014 610 2087 (ε)
626 2010 680 2071 Καί
698 2014 722 2069 σί
737 2011 784 2089 μίν
799 2011 848 2070 σίλ-
888 2020 921 2080 (2)
934 2023 965 2068 lit
978 2023 1051 2068 ceteri
1067 2020 1164 2081 quidem
1174 2020 1272 2069 domum
1288 2021 1572 2084 abieruut;(torintbiiv

21 2146 26 2154 .
64 2103 105 2160 λοι
120 2103 161 2160 ίπ’
174 2100 245 2162 οίκου
260 2103 385 2173 ἀπῆλθον,
402 2100 534 2180 Κορίνθιοι
553 2097 580 2157 δὲ
597 2101 622 2165 ἐς
639 2094 731 2178 Ἀργος
748 2098 847 2179 τραπό-
888 2119 954 2153 mum
972 2112 1047 2168 Argos
1071 2107 1184 2170 proiecti,
1200 2121 1257 2157 curn
1274 2109 1420 2171 quibusdam
1437 2113 1572 2174 Argivorum

65 2212 139 2266 μενοι
150 2191 253 2270 πρώτον
267 2187 358 2267 λόγους
369 2193 504 2246 ποιοῦνται
516 2186 579 2268 πρός
593 2210 664 2253 τινας
674 2190 725 2244 τῶν
742 2187 767 2244 ἐν
778 2185 846 2244 τέλει
888 2192 981 2254 cipibus
996 2206 1118 2242 sermones
1133 2194 1270 2254 conterunt,
1283 2196 1480 2260 quandoquidem
1496 2200 1572 2251 Laced

52 2274 146 2333 ,ὄντων
160 2274 280 2356 Ἀργείων
295 2280 330 2341 ώς
342 2273 408 2354 χρή,
425 2273 514 2343 ἐπειδὴ
529 2269 732 2349 Λακεδαιμόνιοι
746 2275 846 2332 οὐκέτ’
888 2293 936 2328 που
949 2285 1044 2343 proptor
1055 2280 1181 2330 utilitatem
1193 2281 1363 2344 Peloponnesi,
1375 2284 1419 2334 sed
1430 2290 1458 2334 ut
1467 2299 1523 2335 eum
1535 2289 1563 2337 in

66 2363 157 2440 ἀγαθῷ
168 2363 225 2419 ἀλλ’
236 2360 280 2420 ἐπὶ
292 2359 487 2418 καταδουλώσει
498 2365 544 2430 τῆς
556 2359 757 2430 Πελοποννήσου
770 2383 847 2419 σπον-
890 2370 936 2414 lem
953 2367 1099 2429 redigerent,
1112 2367 1200 2417 ludera
1217 2370 1404 2434 societatemque
1420 2372 1521 2423 iecerint
1531 2388 1572 2425 cm

67 2448 112 2515 δδς
131 2448 177 2506 καί
196 2447 348 2526 ξυμμαχίαν
366 2446 430 2527 πρὸς
444 2445 592 2518 Ἀθηναίους
614 2444 672 2512 τοὺς
691 2446 752 2527 πρὶν
776 2448 847 2527 έχθί-
888 2453 1019 2515 aiensibus,
1029 2455 1070 2516 qui
1082 2456 1148 2516 prius
1155 2457 1184 2505 iis
1193 2455 1281 2506 luerint
1290 2457 1456 2519 inimicisslmi,
1467 2463 1566 2524 Argiuis

67 2555 142 2600 στους
153 2533 323 2605 πεποίηνται,
333 2537 395 2613 δρᾶν
406 2531 465 2598 τοὺς
476 2530 610 2613 Ἀργείους
621 2531 690 2599 ὅπως
700 2534 847 2605 σωθήσεται
887 2553 983 2603 operum
995 2554 1048 2590 esse
1057 2541 1174 2602 dandam,
1189 2548 1217 2592 at
1230 2544 1408 2607 Peloponnesus
1418 2554 1538 2611 serretur,
1552 2558 1572 2601 el

68 2624 85 2690 ἡ
100 2617 314 2691 Πελοπόννησος,
330 2619 375 2677 καί
389 2618 552 2700 ψηφίσασθαι
566 2617 613 2689 τὴν
627 2619 787 2697 βουλομένην
799 2620 847 2679 πό-
889 2632 940 2675 ῑυιιι
955 2628 1102 2689 laciendum,
1119 2634 1305 2693 utqutecunqoe
1317 2635 1401 2684 Graera
1413 2635 1501 2685 civitas
1514 2627 1572 2688 vill

67 2708 108 2764 λιν
126 2711 178 2764 τῶν
200 2706 347 2778 Ἑλλήνων,
367 2705 423 2776 ήτις
438 2703 578 2783 αὐτόνομός
598 2707 626 2762 τέ
641 2707 696 2764 ἐστι
716 2706 760 2764 καὶ
775 2707 848 2775 δίκας
888 2714 938 2763 suis
949 2714 1040 2776 legibus
1050 2717 1153 2778 viveret,
1165 2717 1287 2777 etludieia
1298 2719 1364 2782 paria
1373 2726 1397 2770 el
1406 2722 1494 2772 similia
1506 2725 1572 2787 presb

66 2791 125 2859 ίσας
148 2792 193 2851 καί
215 2792 305 2871 ὁμοίας
327 2794 432 2864 δίδωσι,
457 2792 521 2874 πρὸς
546 2791 672 2873 Ἀργείους
697 2792 846 2874 ξυμμαχίαν
888 2802 1024 2852 societatem
1043 2816 1098 2851 eum
1117 2805 1211 2866 Argivis
1230 2805 1305 2856 lacere
1323 2807 1406 2870 licent,
1424 2810 1455 2858 ita
1467 2816 1495 2859 ut
1508 2812 1572 2862 alter

67 2880 197 2940 ποιεῖσθαι
215 2880 282 2940 ώστε
304 2885 336 2961 τῇ
357 2879 479 2950 ἀλλήλων
497 2882 646 2959 ἐπιμαχεῖν,
663 2881 796 2950 ἀποδεῖξαι
819 2882 847 2941 δὲ
887 2890 1002 2939 nutilium
1014 2894 1099 2940 mutuo
1117 2892 1207 2956 lerant,
1224 2907 1315 2956 paucos
1330 2900 1411 2945 eutem
1427 2898 1493 2948 viros
1505 2913 1565 2950 cum

68 2967 163 3049 ἄνδρας
177 2967 279 3048 ὀλίγους
293 2967 377 3048 ἀρχὴν
396 2967 602 3049 αὐτοκράτορας,
617 2968 661 3027 καί
678 2967 715 3045 μὴ
727 2969 790 3051 πρὸς
802 2970 846 3029 τδν
888 2981 1005 3040 potestate
1014 2979 1165 3042 deligendos,
1178 2994 1280 3043 quorum
1289 2982 1387 3033 arbitrio
1395 2998 1434 3033 res
1445 2989 1497 3035 tota
1509 3001 1572 3050 pern

67 3056 152 3141 δῆμον
161 3054 219 3123 τούς
230 3055 321 3135 λόγους
338 3047 419 3126 εἶναι,
433 3061 478 3114 τοῦ
494 3054 530 3133 μὴ
545 3057 703 3136 καταφανεῖς
716 3057 847 3134 γίγνεσθαι
888 3077 966 3127 neque
978 3066 1052 3116 verbs
1064 3067 1109 3117 bac
1119 3067 1150 3117 de
1161 3081 1188 3117 re
1206 3068 1269 3132 apud
1281 3070 1397 3131 populum
1414 3071 1534 3134 iacienda,
1544 3089 1572 3126 ne

66 3142 317 3220 τοθςμὴπείσανιας
330 3143 360 3202 τὸ
371 3146 479 3214 πλῆθος·
492 3142 592 3224 ἔφασαν
604 3142 632 3201 δέ
645 3144 848 3225 πολλσθςπροσ-
888 3152 1065 3202 multitudinem
1081 3155 1106 3203 in
1126 3168 1194 3203 sunm
1210 3156 1352 3206 seutemiam
1368 3160 1505 3220 pertrahere
1520 3174 1572 3212 non

66 3231 233 3312 χωρήσεσθαι
255 3231 327 3309 μίσει
344 3235 396 3289 τῶν
422 3231 645 3309 Λακεδαιμονίων.
688 3232 721 3311 (s)
749 3233 802 3293 Kal
823 3237 846 3293 σί
889 3239 1115 3302 munumentum
1131 3242 1241 3293 dixerant
1255 3248 1337 3293 numm
1354 3246 1572 3300 mutusodiohe

67 3319 115 3392 μὲν
127 3318 259 3399 Κορίνθιοι
272 3316 419 3386 διδάξαντες
430 3323 512 3376 ταῦτα
526 3317 697 3398 ἀνεχώρησαν
709 3322 749 3378 ἐπ’
762 3321 846 3380 οἴκου·
888 3326 981 3375 niorum
993 3340 1131 3377 accessuros
1142 3343 1203 3379 esse
1229 3330 1263 3392 (3)
1275 3335 1353 3393 atque
1362 3334 1572 3399 Corinthiiquider

106 3405 241 3465 xxvlll.
263 3409 286 3463 οί
308 3403 336 3463 δὲ
356 3407 408 3462 τῶν
433 3404 554 3484 Ἀργείων
577 3404 666 3485 ἄνδρες
691 3407 848 3477 ἀκούσαντες
889 3415 941 3464 lraec
952 3415 1169 3479 demonstrassent,
1183 3418 1281 3468 domum
1292 3421 1427 3483 redieruat3

67 3487 155 3559 ἐπειδὴ
170 3488 315 3569 ἀνήνεγκαν
329 3488 387 3555 τοὺς
401 3487 492 3566 λόγους
506 3488 530 3556 ἔς
544 3514 572 3548 τε
586 3489 632 3558 τδις
648 3489 730 3570 σἰρχδις
745 3494 789 3551 καί
803 3494 847 3553 τὸν
919 3506 1027 3553 llllVlll.
1044 3506 1185 3566 Argivorum
1201 3509 1283 3556 autern
1299 3508 1360 3570 viri,
1381 3510 1422 3572 qui
1443 3510 1497 3561 lraec
1516 3513 1572 3564 audi

67 3576 160 3652 δῆμον,
170 3577 330 3659 ἐψηφίσαντο
342 3577 462 3657 Ἀργεῖοι,
474 3576 519 3634 καλ
531 3577 625 3659 ἄνδρας
636 3578 735 3638 εἵλοντο
747 3582 846 3641 δώδεκα
888 3603 963 3652 quum
975 3605 1110 3641 sermonem
1122 3592 1189 3642 illum
1201 3594 1232 3643 ad
1243 3596 1396 3657 magistratus
1406 3600 1571 3663 populumque

67 3660 133 3742 πρὸς
155 3661 198 3730 οθς
221 3664 265 3722 τὸν
287 3661 442 3742 βουλόμενον
462 3667 514 3730 τῶν
535 3663 669 3736 Ἑλλήνων
697 3665 847 3749 ξυμμαχίαν
889 3681 955 3739 sent,
972 3678 1094 3727 decretum
1110 3680 1217 3729 lecerunt
1235 3683 1329 3744 Argivi,
1347 3689 1372 3733 et
1388 3685 1515 3736 duodecim
1528 3689 1572 3738 rin

67 3749 195 3806 ποιεῖσθαι
208 3747 277 3821 πλήν
292 3747 432 3819 Ἀθηναίων
445 3750 490 3808 καί
505 3752 734 3829 Λακεδαιμονίων·
749 3756 846 3815 τούτων
888 3770 985 3826 gerunt,
993 3779 1048 3815 curn
1060 3767 1148 3827 quibus
1158 3768 1295 3818 unientem
1305 3770 1394 3820 laceret
1405 3772 1436 3823 de
1448 3777 1572 3840 Grmcis,q

67 3832 94 3892 δὲ
117 3833 267 3918 μηδετέροις
292 3835 385 3902 ἐξεῖναι
410 3836 470 3895 ἄνευ
493 3843 537 3896 τοῦ
559 3839 643 3916 δήμου
662 3847 707 3899 τοῦ
728 3841 846 3924 Ἀργείων
889 3852 973 3912 vellet,
988 3856 1074 3915 praetcr
1084 3855 1241 3906 Athenienses
1252 3863 1277 3906 et
1295 3860 1501 3924 Lucedmmonios3
1517 3877 1572 3914 cum

67 3921 233 3981 σπείσασθαι.
275 3925 306 4000 (ε)
320 3921 459 3991 Ἐδεξαντό
470 3948 498 3982 τε
512 3932 595 3984 ταῦτα
612 3931 636 3986 οἱ
650 3927 761 4009 Ἀργεῖοι
776 3935 847 4008 pei·
889 3945 968 3989 autem
985 3941 1076 3989 neutris
1093 3941 1184 4003 iniussu
1200 3945 1281 4006 populi
1300 3947 1378 4005 Argivi
1398 3947 1476 3998 ludus
1493 3949 1572 4003 facem

66 4009 111 4067 λον
125 4012 233 4090 ὁρῶντες
244 4008 287 4069 τόν
304 4033 333 4068 τε
346 4014 398 4069 τῶν
413 4014 628 4090 Λακεδαιμονίων
644 4016 717 4096 σφίσι
732 4022 846 4098 πόλεμον
891 4031 924 4092 (9,)
942 4033 1022 4094 Argivi
1041 4039 1121 4083 aulem
1141 4036 1192 4085 bne
1214 4051 1243 4086 eo
1259 4039 1352 4088 lucilius
1371 4040 1533 4105 admiserant,
1560 4057 1572 4106 q

67 4093 188 4172 ἐσόμενον
201 4095 255 4172 (ἐπ’
269 4094 347 4178 ἐξόδιμ
361 4096 412 4178 γὰρ
423 4098 487 4180 πρὸς
499 4099 591 4168 αὐτούς
602 4106 629 4159 αἱ
642 4104 752 4162 σπονδαί
763 4097 846 4183 ἦσαν)
890 4118 1123 4170 Lacedaemoniorum
1141 4124 1231 4174 bellum
1250 4126 1294 4175 sibi
1314 4127 1449 4190 impendere
1469 4129 1572 4182 uiderent

66 4183 111 4242 καί
121 4182 390 4261 ἅμαέλπίσαντεςτῆς
399 4187 601 4258 Πελοποννήσου
610 4188 848 4266 ήγήσεσθαι·κατίι
889 4205 977 4255 lmdera
996 4222 1052 4257 cum
1071 4209 1117 4258 illis
1138 4212 1196 4261 inita
1216 4213 1266 4275 jam
1282 4215 1397 4278 exiliant)
1414 4221 1437 4265 et
1458 4217 1534 4267 simul
1556 4232 1572 4283 q

66 4267 116 4351 γθρ
130 4271 173 4328 τὸν
191 4269 283 4352 χρόνον
299 4277 388 4332 τοῦτον
403 4272 420 4343 ή
439 4298 467 4332 τε
486 4275 661 4353 Λακεδαίμων
680 4277 795 4354 μάλιστα
815 4281 845 4354 δὴ
891 4293 1044 4356 Peloponnesi
1063 4297 1223 4360 principatum
1240 4301 1369 4363 adepturos
1387 4311 1523 4366 sperarent;
1541 4307 1572 4357 bo

66 4362 154 4425 κακῶς
171 4359 267 4431 ήκουσε
283 4359 328 4417 καί
347 4360 486 4442 ὑπερώφθη
503 4363 545 4421 διὰ
559 4362 606 4430 τὰς
624 4363 768 4447 ξυμφοροίς,
781 4367 807 4427 οἵ
818 4395 847 4428 τε
889 4384 995 4443 tempore
1006 4387 1031 4431 et
1042 4385 1198 4436 Lucedaemon
1210 4389 1313 4450 pessime
1325 4389 1451 4453 audiebat,
1463 4398 1488 4442 et
1498 4399 1572 4458 propt

68 4444 176 4526 Ἀργεῖοι
190 4445 285 4526 ἄριστα
300 4445 377 4526 ἔσχον
393 4449 446 4515 τοῖς
460 4459 549 4522 πᾶσιν,
563 4452 593 4508 οὐ
611 4450 782 4532 ξυναροίμενοι
801 4463 846 4515 τοῦ
889 4471 942 4528 ptas
951 4463 1031 4517 clades'
1041 4473 1248 4536 contemnebatur,
1258 4480 1282 4525 et
1291 4477 1371 4538 Argivi
1381 4479 1492 4529 omnibus
1502 4481 1572 4533 rebar

66 4530 183 4592 ’Ἀττικοῦ
203 4532 336 4609 πολέμου,
362 4534 516 4616 ἀμφοτέροις
538 4535 565 4594 δὲ
589 4539 688 4613 μᾶλλον
713 4541 846 4601 ἔνσπονδοι
889 4567 915 4602 se
932 4555 1064 4619 trabebant,
1076 4543 1140 4621 quod
1152 4574 1208 4610 curn
1220 4563 1305 4612 ceteris
1317 4563 1405 4614 bellum
1415 4568 1521 4617 Atticam
1531 4583 1572 4620 nor

66 4618 136 4687 ὄντες
148 4619 392 4701 ἐκκαρπωσοίμενοι.
435 4623 465 4699 (a)
479 4626 514 4682 0t
527 4623 574 4700 μὲν
587 4613 630 4682 ούν
644 4625 751 4706 Ἀργεῖοι
767 4629 847 4696 οθτως
889 4645 984 4701 perant,
1003 4641 1046 4690 sed
1062 4628 1142 4706 pot'ius
1159 4646 1247 4697 imdere
1258 4662 1313 4699 cum
1324 4652 1432 4715 utrisque
1443 4655 1565 4716 conjuncti

66 4707 91 4772 ἐς
113 4705 160 4778 τὴν
180 4706 331 4787 ξυμμαχίαν
352 4709 540 4789 προσεδέχοντο
560 4711 619 4779 τοὺς
641 4713 773 4783 ἐθέλοντας
794 4721 846 4775 τῶν
889 4728 1057 4789 percepissent.
1092 4733 1125 4793 (3)
1147 4734 1274 4796 sicigitur
1293 4740 1373 4800 Argiui
1393 4743 1505 4804 Graecos,
1525 4744 1572 4808 qui

66 4789 212 4865 Ἑλλήνων,
890 4814 1048 4875 volebant,in
1061 4819 1198 4870 societatem
1209 4824 1367 4887 recipiebant;
1409 4846 1410 4853 ¹

106 4882 211 4941 xlllll.
224 4885 359 4953 Μαντινῆς
373 4881 395 4939 δ’
410 4885 495 4951 αὐτοῖς
510 4884 554 4942 καὶ
568 4889 592 4943 οί
610 4884 743 4967 ξύμμαχοι
761 4892 846 4950 αὐτῶν
920 4904 1004 4951 xxix.
1022 4906 1134 4956 blentinei
1149 4921 1206 4957 rero
1217 4924 1349 4975 eorumque
1360 4916 1432 4977 socii,
1448 4918 1506 4979 quia
1519 4922 1572 4970 bae

65 4966 164 5065 γτρώτσι
184 4966 400 5050 προσεχώρησαν,
415 4971 524 5038 δεδιότες
539 4971 599 5039 τούς
617 4977 845 5054 Λακεδαιμονίους.
889 4989 941 5038 nios
953 4992 1105 5053 metuebant,
1121 4995 1190 5056 primi
1202 5010 1228 5046 se
1240 4999 1269 5047 iis
1280 4999 1453 5060 adjunxerunt·
1476 5007 1572 5058 Mantin

71 5049 128 5115 Γοῖς
137 5050 187 5133 γὰρ
199 5055 359 5114 Μαντινεῦσι
370 5055 447 5138 μέρος
458 5082 483 5115 τι
495 5059 687 5138 τῆςἈρκαδίας
698 5060 845 5144 κατέστρα-
888 5077 1008 5138 quandam
1034 5081 1141 5132 Arcadico
1162 5088 1253 5146 partem
1276 5087 1431 5154 subegerant,
1456 5106 1512 5156 ηοω
1538 5095 1569 5147 iis
