3676 5828
644 334 818 398 sfflouA.
839 334 869 414 1,
894 342 951 398 ιευ
971 366 1005 379 -
1028 328 1100 399 ιτα.
1635 337 1669 390 ³⁷

64 474 220 560 τῶπρώτου
229 470 360 554 βασιλέως
370 472 465 546 αὐτῶν,
472 469 540 531 κατὰ
548 469 577 530 δέ
585 494 670 545 τινας,
679 469 724 530 τθν
733 468 846 550 Δαρείου
889 509 921 521 -
934 469 982 531 Ἐν
994 454 1091 552 τούτῳ]
1106 471 1133 530 ἐν
1147 494 1180 552 τη
1200 471 1345 555 κατηγορίᾳ
1359 462 1571 553 namnetem
1596 479 1672 550 ρπη,

65 566 155 637 ίππον,
167 564 199 624 δι’
208 562 236 623 θν
250 559 443 642 χρεμετίσαντα
458 549 846 631 ἐθασίλευσεν.-’Λποδεῖξαι]
890 556 988 638 λέγχθη
1009 558 1060 640 γάρ
1079 557 1117 637 μὴ
1143 557 1265 638 ἐμμένειν
1286 562 1339 629 τοῖς
1359 561 1433 635 ήθεσι
1457 567 1508 622 τῶν
1536 567 1672 625 Λακεδαι-

64 657 104 735 τῷ
118 650 269 739 Παυσανίφ.
283 700 315 713 ..
330 647 520 730 Παραγγέλλη]
535 648 639 727 κελεύῃ.
650 686 681 699 -
692 667 713 707 τ.
730 645 784 707 Καί
794 649 847 705 τῶν
891 646 996 724 μυνίων.
1011 685 1042 697 -
1057 644 1221 726 Παρύμοιον]
1240 652 1278 730 τῷ
1292 650 1426 732 Μηδισμῶ
1441 651 1569 722 δηλονότι.
1583 691 1615 704 -
1628 655 1674 732 Τῇ

65 743 176 822 ἀνδρῶν]
195 730 309 809 λείπειή
324 735 398 817 ὐπέρ.
414 776 445 788 -
457 735 582 796 Κείσεταί
600 758 641 794 σοι
658 733 846 816 εὐεργεσία...]
891 733 1012 815 παρούσῃ
1030 733 1140 815 διανοίφ]
1155 734 1240 792 λείπει
1258 740 1275 807 ή
1293 739 1331 804 ἐν.
1343 758 1407 797 -ι.
1427 737 1481 798 Καὶ
1502 730 1534 810 ήν
1553 737 1580 798 δέ
1593 738 1673 812 οὕτω]

31 854 46 894 α
64 828 108 887 διά
120 825 216 893 παντὸς
227 823 361 908 εὐεργέτης
370 824 489 904 κληθήσῃ
504 827 530 883 ἐν
544 828 583 905 τῷ
594 822 715 905 ἡμετέρῳ
729 821 803 903 οἴκῳ.
818 854 849 865 —-
891 820 921 880 τθ
936 819 964 880 δέ
974 821 1032 880 ἀντί
1043 827 1089 880 τοῦ
1100 821 1160 900 γάρ.
1177 861 1207 873 -
1219 823 1370 897 Πολιτείαν]
1387 825 1553 903 αὐτονομίαν.
1563 867 1594 879 -
1604 829 1674 887 Ξυν·
1687 846 1701 889 α

13 908 20 913 ”
63 917 184 987 Ἀνεῖναι]
200 917 359 996 βφθυμῆσαι.
372 951 400 964 -
414 913 534 985 ’Λνεὶναι]
550 912 636 972 ἄνεσιν
654 912 756 984 δοῦναι,
772 911 848 991 ἀρεῖ·
893 913 1071 980 επαναστῶσι]
1099 906 1169 968 κατά
1191 912 1238 980 τῆς
1259 910 1394 992 Σπάρτης.
1409 914 1490 974 -Τθ
1506 916 1574 988 πᾶν]
1596 915 1675 993 ἤγουν

61 1028 115 1065 m
892 995 936 1054 τθν
955 994 1105 1072 Μηδισμύν.
1128 1017 1194 1056 -σ,
1215 995 1273 1064 Τίιτ
1294 999 1454 1073 τελευταίας]
1476 1002 1554 1073 δῆλον
1574 1001 1614 1061 ύτι
1631 1007 1676 1062 καί

103 1093 215 1152 CXXX.
236 1089 291 1148 Ὧν
305 1087 351 1147 καί
363 1086 488 1171 πρότερον
502 1089 528 1146 ἐν
543 1086 651 1168 μεγάλῳ
662 1084 792 1165 ἀξιώματι
807 1086 850 1166 ...]
894 1085 975 1151 ἄλλας
996 1083 1158 1145 ἀπέστειλεν.
1177 1122 1209 1134 -
1228 1084 1306 1166 Ἀνὴρ
1331 1087 1466 1168 ’Λργιλιος]
1487 1088 1552 1158 τινές
1578 1089 1675 1172 κύριον,

62 1179 152 1258 ἤγουν,
165 1176 313 1257 τιμώμενος
324 1176 357 1243 τά
367 1177 471 1254 μεγάλα
481 1177 531 1237 ὐπδ
545 1181 596 1236 τῶν
606 1176 751 1248 Ἑλλήνων.
759 1214 791 1226 -
803 1175 850 1235 Ἐν
893 1170 959 1239 τινὲς
972 1173 1081 1246 ἐθνικθν,
1093 1172 1146 1232 ἀπδ
1167 1172 1267 1242 πόλεως
1281 1175 1404 1257 Θρᾴκης·
1425 1177 1489 1258 ὅπερ
1509 1177 1632 1256 ἄμεινον.
1646 1219 1677 1234 -

17 1289 46 1328 10
65 1272 104 1349 τῷ
115 1271 260 1327 καθεστῶτι
271 1264 371 1346 τρόπῳ]
385 1269 423 1346 τῷ
436 1268 593 1346 Λακωνικῷ.
605 1304 636 1315 -
647 1263 851 1344 Ἔδυρυφύρυυν]
894 1259 1023 1333 Παιδικά]
1032 1262 1061 1319 τὸ
1070 1260 1194 1336 παιδικά,
1202 1261 1341 1337 ὀξυτόνως,
1352 1262 1483 1345 οὐδέτερον
1493 1268 1676 1339 πληθυντικόν.
1692 1266 1728 1324 10⁴

62 1354 131 1433 μετὰ
146 1354 261 1436 δοράτων
278 1352 457 1435 προέπεμπον.
472 1359 555 1411 ταῦτα
567 1352 654 1411 πάντα
669 1355 696 1410 έν
710 1356 743 1430 τῇ
757 1350 850 1432 πρώτῃ
895 1356 969 1408 τοῦτο
982 1347 1010 1407 δέ
1024 1373 1090 1417 τινες
1104 1349 1148 1408 ἐπὶ
1162 1353 1260 1428 ἀγαθοῦ
1273 1349 1381 1432 ἔρωτος,
1395 1351 1462 1422 τινές
1476 1352 1504 1412 δὲ
1515 1355 1558 1413 ἐπὶ
1568 1357 1678 1437 αἰσχροῦ

61 1441 193 1523 παρουσία
207 1440 409 1520 ἐπράχθη-ε.
423 1440 567 1520 Περσικήν]
580 1439 850 1522 τρυφηλήν.-Λυσ-
893 1437 1068 1514 λαμύιίνουσι.
1084 1441 1102 1514 §
1120 1438 1250 1511 Παιδικὰ,
1266 1439 1324 1498 ἀντί
1341 1447 1388 1500 τοῦ
1409 1441 1551 1522 ἐρώμενος,
1564 1435 1587 1525 ᾧ
1600 1444 1680 1526 ἐθάρ-

60 1530 200 1612 πρύσοδον]
220 1528 411 1588 δυσέντευκτον.
426 1567 458 1580 -
471 1528 517 1595 Ἐς
528 1527 638 1599 πάντας]
652 1525 720 1585 κατθι
734 1525 849 1586 πάντων.
895 1527 943 1604 βει.
966 1531 1042 1583 τοῦτο
1058 1523 1109 1606 γάρ
1127 1526 1157 1585 τὸ
1176 1527 1332 1594 πιστότατος
1347 1527 1392 1587 ών.
1406 1530 1540 1590 -Πάλιν
1561 1531 1678 1614 ἀφίκετο]

104 1621 229 1679 cxxxl.
251 1617 292 1676 Τά
305 1641 333 1675 τε
350 1621 464 1697 πρῶτον]
478 1616 536 1675 ἀντὶ
549 1621 594 1674 τού
609 1614 639 1673 τὸ
653 1613 756 1695 πρῶτόν
769 1637 807 1672 τε.
821 1652 851 1663 -
895 1613 1033 1682 ἐπανῆλθε.
1045 1650 1076 1662 -
1092 1612 1359 1693 Παραποιησάμενος]
1375 1617 1433 1677 ἀντί
1442 1623 1487 1677 τοῦ
1499 1617 1591 1695 ὁμοίαν
1602 1641 1681 1693 ποιη·

17 1719 46 1759 15
63 1706 118 1766 Καὶ
131 1705 232 1777 ἐπειδή]
247 1707 363 1764 ἐντεῦθεν
377 1705 519 1785 άρχεταιή
536 1701 643 1784 δευτέρα
664 1700 804 1784 παρουσία.
821 1739 852 1752 -
896 1697 1016 1775 σάμενος,
1040 1703 1054 1757 6
1077 1699 1209 1780 Ἀργίλιος.
1233 1738 1264 1751 -
1284 1703 1409 1777 ’θ’κεῖνυς]
1428 1708 1443 1763 6
1467 1706 1629 1775 Παυσανίας.
1649 1737 1720 1779 -15

61 1792 300 1874 Ἐκπολιορκηθείς]
335 1797 368 1871 τῇ
398 1791 536 1872 πολιορκίᾳ
570 1789 714 1862 ἐκύληθείς.
740 1826 772 1836 -
798 1787 853 1856 Τάς
896 1785 1100 1858 Ὑπονυήσας...
1119 1787 1165 1846 καὶ
1184 1789 1262 1849 αὑτὸν
1279 1784 1348 1873 εὗρε]
1368 1795 1403 1859 ῶς
1421 1791 1452 1851 ἀν
1469 1797 1492 1852 εί
1508 1793 1606 1874 ἔλεγεν,
1623 1789 1680 1879 εθρε

60 1881 210 1962 Τρωϊάδας]
230 1881 280 1938 είσῖ
299 1877 350 1960 γάρ
369 1880 414 1938 καί
435 1880 559 1939 Ἀττικαί.
576 1919 608 1929 -
623 1877 755 1959 Ἱδρυθείς]
775 1882 853 1936 καθε-
895 1879 971 1933 τοῦτο
982 1875 1090 1953 ἀληθές,
1105 1875 1119 1935 θ
1133 1876 1234 1935 ὑπενόει
1248 1878 1400 1961 γεγράφθαι.

61 1966 138 2034 σθείς.
154 2003 185 2011 -
201 1965 344 2047 Πράσσων]
363 1965 398 2025 τά
410 1966 574 2048 συμφέροντα
591 1969 731 2047 έαυτῷ.-
749 1965 852 2043 Ἐσηγ-
935 1964 1087 2024 cxxxnl.
1112 1963 1174 2023 ’Λπθ
1201 1971 1374 2046 παρασκευῆς
1392 1973 1438 2027 τοῦ
1460 1971 1610 2051 ἀνθρώπω]
1627 1973 1681 2033 ἀπθ

60 2055 178 2134 γέλλετο]
205 2053 340 2131 ἐμηνύετο.
360 2091 391 2104 -
413 2055 471 2126 Τήν
498 2053 590 2132 μονήν]
618 2051 666 2124 τήν
693 2051 797 2134 ἀργίαν.
821 2089 853 2102 -
900 2049 1065 2127 συνθήματος
1080 2055 1126 2108 τοῦ
1140 2050 1277 2133 ’Λργιλίου
1292 2088 1333 2099 -
1355 2054 1496 2135 Καλύὸην]
1511 2058 1621 2130 σκηνήν,
1641 2095 1682 2108 .-

16 2171 47 2212 20
62 2142 232 2218 Ποιούμενος]
253 2142 283 2201 τὸ
300 2141 391 2214 ἐπειδή
410 2142 473 2222 πρὸς
491 2141 521 2200 τδ
543 2139 707 2218 ποιούμενος.
721 2175 751 2184 -
769 2139 854 2200 Ἐπέ-
896 2137 1047 2206 Διακονίαις
1062 2138 1255 2219 παραύάλσιτο]
1275 2141 1333 2208 ταῖς
1354 2142 1487 2221 ἀγγελίαις
1512 2153 1570 2214 ταῖς
1590 2146 1682 2216 ἄλλαις
1695 2168 1720 2210 αι

61 2239 137 2311 σχον]
150 2229 390 2303 ἑαυτούςδηλονύτι.
406 2230 600 2300 -Σκυτάλην]
614 2227 671 2286 ἀντί
686 2233 731 2286 τοῦ
745 2229 853 2287 ἐπιστο-
897 2225 1044 2287 διαύάλλοι.
1066 2262 1107 2272 -
1129 2228 1330 2309 Παραύάλοιτο]
1353 2231 1514 2311 παραύολως
1533 2236 1682 2317 κατηγορή-

61 2318 112 2391 λήν
132 2318 299 2390 Λακωνικήν.
318 2309 350 2390 ήν
370 2316 398 2376 δέ
421 2322 438 2389 ἡ
462 2316 580 2388 σκυτάλη
599 2315 673 2384 ξύλον
695 2313 853 2397 στρογγύλον
897 2312 1006 2387 σειεν,ή
1024 2315 1146 2383 ὑπόπτως
1160 2317 1331 2389 διακονήσειε.
1346 2353 1387 2364 -
1403 2321 1584 2402 Προτιμηθείη
1597 2322 1638 2403 δέ]
1654 2325 1682 2383 ίν

61 2404 206 2483 ἐξεσμένον,
235 2404 369 2481 ἐπίμηκες.
405 2403 450 2464 δύο
478 2404 505 2463 δέ
530 2401 604 2485 παρά
637 2392 853 2480 Λακεδαιμονίοις
897 2403 1015 2485 εἰρωνεία
1032 2403 1064 2462 τθ
1082 2405 1256 2484 προτιμηθείη
1276 2405 1407 2468 λε’λεκται.
1427 2442 1469 2453 -
1488 2411 1551 2476 Τοῖς
1564 2412 1680 2492 πολλοῖς]

61 2498 180 2573 ύπῆρχον
192 2493 333 2552 σκυτάλαι·
346 2493 392 2552 καί
403 2491 452 2564 τήν
467 2491 514 2569 μὲν
526 2492 588 2569 μίαν
602 2495 725 2570 κατεῖχον
737 2495 761 2549 οί
773 2489 854 2572 Ἔφο·
897 2489 955 2549 ἀντὶ
968 2496 1013 2549 τοῦ
1030 2494 1083 2557 ταῖς
1095 2500 1171 2549 πᾶσι.

18 2616 46 2656 2⁶
62 2606 102 2664 ροι
114 2587 165 2641 τῶν
179 2582 403 2660 Λακεδαιμονίων,
414 2579 462 2653 τήν
474 2579 500 2639 δέ
512 2579 853 2662 ἐτέραντῷέκπεμπομένῳ
945 2580 1102 2640 cxxxiv.
1136 2579 1278 2660 Ἀκριύῶς]
1308 2582 1420 2654 άληθῶς.
1450 2617 1489 2628 -
1514 2583 1680 2666 Ἐποιυύντο]
1695 2610 1720 2660 ας

60 2674 113 2731 τῶν
126 2673 280 2751 στρατηγῶν
294 2675 431 2751 παρεῖχον.
443 2667 573 2727 καῖθπότε
587 2666 725 2728 ἐύυύλοντο
736 2670 852 2726 ἐπιστεί-
897 2665 1005 2744 ἔμελλον
1024 2665 1153 2738 ποιήσειν,
1172 2672 1281 2739 ποιῆσαι
1295 2667 1442 2729 ἐύούλοντο.
1460 2705 1501 2716 -
1516 2670 1617 2757 Λύτύν]
1636 2674 1680 2735 τὸν

60 2760 107 2820 λαί
118 2784 144 2818 τι
158 2761 246 2840 αὐτῷ,
269 2757 389 2840 φέροντες
408 2756 507 2834 ἱμάντα
522 2755 623 2829 λευκδν,
644 2755 789 2835 περιείλουν
803 2754 852 2828 τήν
897 2753 1065 2815 Παυσανίαν.
1080 2789 1122 2800 -
1132 2755 1192 2836 Ἐφ’
1203 2747 1238 2837 ᾧ]
1251 2747 1282 2814 οὐ
1294 2755 1372 2837 χάριν
1385 2792 1426 2804 -
1439 2757 1533 2818 ’Λλλου
1549 2757 1587 2844 δέ]
1601 2762 1682 2845 Ἐφύ-

61 2845 205 2919 σκυτάλην,
219 2845 264 2904 καί
278 2844 322 2905 ἐπὶ
336 2850 383 2904 τοῦ
394 2843 502 2920 ίμάντυς
512 2842 635 2926 ἔγραφον,
645 2843 692 2903 καί
705 2843 853 2903 ἀνελίττον-
897 2867 942 2924 ρου
959 2842 1094 2922 (δηλονότι
1109 2846 1213 2923 ἀφανῶς
1226 2842 1364 2912 νεύσαντος
1377 2847 1401 2921 ),
1420 2846 1491 2914 ὅστις
1504 2839 1535 2920 ήν
1554 2848 1625 2931 φίλος
1642 2855 1682 2934 τῷ

60 2957 149 3000 τοντες
167 2941 293 3014 παρεῖχον
312 2931 357 2991 τθν
379 2934 477 3009 ίμάντα
497 2935 535 3012 τῷ
550 2929 714 3013 ἀποφέροντι.
729 2938 807 2991 τοῦτο
825 2930 853 2990 δί
897 2931 1048 3011 Παυσανίᾳ.
1062 2965 1103 2977 -
1120 2934 1250 3014 Χωρήσαι
1267 2930 1375 3014 δρόμῳ]
1392 2933 1497 3012 λέγεται
1514 2935 1557 2994 τὸν
1573 2941 1682 2998 Παυσα·

19 3050 48 3092 80
63 3021 179 3097 ἐποίουν,
188 3019 230 3079 ίνα
243 3019 281 3097 με]
290 3020 408 3098 μάθωσιν
421 3022 444 3079 σί
454 3018 629 3100 ἀποφέροντες
635 3017 669 3078 τά
680 3021 751 3098 ἐντῷ
762 3017 853 3098 ἱμάντι
895 3019 964 3081 νίαν.
975 3054 1016 3066 -
1025 3039 1046 3078 ε.
1063 3016 1275 3101 Τοπαραυτίκα]
1293 3018 1373 3096 ἤγουν
1388 3020 1457 3079 κατὰ
1471 3021 1501 3080 τὸ
1515 3022 1625 3091 ἐνεστύς.
1639 3059 1680 3074 -
1693 3047 1720 3090 ω

61 3107 244 3190 γεγραμμένα.
259 3110 273 3165 6
291 3107 319 3165 δέ
339 3105 498 3188 στρατηγὸς,
512 3103 603 3163 λαθὼν
621 3103 665 3163 τθν
686 3105 799 3184 ἱμάντα,
819 3109 852 3186 τῇ
896 3105 1247 3189 Ὑστέρησαν]ἐύράδυναν.
1265 3106 1411 3168 -Ἐνδον
1422 3107 1486 3167 ὄντα
1496 3108 1680 3193 τηρήσαντες]

62 3200 158 3255 ἑαυτοῦ
180 3194 299 3275 σκυτάλῃ
318 3193 488 3274 περιείλιττε,
506 3190 553 3251 καί
574 3190 715 3272 ἐγίγνωσκε
733 3192 782 3263 τλν
799 3193 853 3249 τῶν
896 3195 965 3275 ἐξῄει
987 3193 1038 3276 γθιρ
1066 3195 1103 3261 είς
1127 3193 1157 3252 τθ
1175 3193 1244 3272 ίερύν
1268 3193 1404 3262 πολλάκις.
1430 3230 1471 3242 -
1493 3195 1681 3269 ’Λπολαύάντες

61 3282 228 3365 γραμμάτων
239 3281 376 3364 περιοχήν.
392 3283 415 3341 εἰ
429 3279 457 3339 δέ
470 3304 509 3347 τις
527 3279 610 3351 εἴποι,
625 3278 671 3337 καῖ
688 3282 744 3346 πῶς
757 3269 853 3358 εἶχενθ
896 3282 983 3362 εἴσω]
1014 3278 1192 3359 μονώσαντες,
1226 3280 1426 3363 περιείρξαντες.
1463 3317 1504 3330 -
1535 3284 1668 3368 ’Λπῳκσδό

62 3369 219 3437 Παυσανίας
234 3367 282 3442 τλν
296 3368 439 3442 σκυτάλην,
453 3367 538 3449 λάθρα
551 3371 599 3439 τῆς
611 3365 711 3434 πόλεως
728 3365 852 3440 ίξελθιθνς
897 3371 997 3449 μησαν]
1009 3368 1169 3448 τειχίσαντες
1178 3367 1224 3436 τάς
1238 3368 1316 3450 θύρας
1333 3368 1496 3453 ἀπέφραξαν.
1509 3408 1550 3419 -
1564 3374 1681 3455 ’Λπῳκο-

18 3486 48 3529 2⁶
63 3458 155 3540 ῥητέον
168 3456 208 3517 ὅτι
231 3457 283 3515 ἀπὸ
296 3461 342 3529 τῆς
355 3455 461 3537 πρίει-ης
475 3453 635 3535 στρατηγίας
657 3445 712 3535 Εἶχε
723 3453 771 3527 Τθν
785 3477 852 3512 σκυ-
897 3459 1031 3538 δύμησαν]
1045 3456 1124 3538 φασίν
1137 3456 1191 3530 ὅτι,
1207 3456 1286 3530 ἡνίκα
1299 3456 1413 3539 ἔφραξαν
1427 3459 1487 3518 κατ’
1506 3463 1585 3520 αὐτοῦ
1599 3463 1629 3523 τθ
1642 3464 1681 3524 οί-
1695 3488 1721 3529 σε

57 3547 152 3618 τάλην.
168 3581 200 3594 -
211 3544 258 3617 Μὴ
277 3544 423 3616 λείπεσθαι]
439 3543 484 3603 τθν
501 3543 657 3603 Παυσανίαν
672 3543 800 3615 δηλονότι.
821 3583 853 3593 -
896 3550 1017 3624 κημα,ή
1033 3544 1122 3625 μήτηρ
1138 3547 1218 3603 αὐτοῦ
1233 3544 1350 3604 ’Λλκιθέα
1363 3544 1456 3626 πρώτη
1471 3547 1542 3608 λίθον
1559 3551 1679 3625 ἐπέθηκε.

59 3637 151 3713 Αὐτῷ]
165 3636 203 3713 τῷ
225 3631 375 3713 Παυσανίη.
390 3669 421 3682 -
435 3652 456 3691 υ.
471 3621 529 3694 Τὴν
550 3630 716 3712 παραύολήν]
737 3631 782 3691 τύν
795 3635 852 3695 κίν-
895 3640 1015 3694 τοιαῦται
1039 3631 1091 3713 γάρ
1117 3634 1144 3690 αί
1165 3632 1319 3692 Λακωνικαί
1339 3636 1469 3711 γυναῖκες.
1491 3636 1632 3719 τεκμήριον
1652 3638 1681 3699 δί

62 3724 146 3783 δυνον.
161 3720 192 3780 τὸ
209 3720 312 3800 γεγονὸς
331 3719 374 3779 ὐπ’
392 3721 472 3778 αὐτοῦ
488 3717 650 3799 παράύολον.
670 3718 750 3795 βτήν
767 3745 853 3796 κατη-
896 3727 973 3780 τοῦτο
985 3725 1040 3778 «τοῦ
1064 3718 1267 3799 μισοτυράννους
1292 3710 1358 3779 εἶναι
1384 3719 1445 3789 τούς
1472 3724 1611 3793 Λάκωνας.
1640 3760 1682 3774 -

61 3810 162 3890 γορίαν.
175 3808 269 3868 -Τθν
287 3805 396 3887 βασιλέα
411 3807 506 3887 δρᾶσαι
519 3811 605 3876 τοῦτο]
618 3803 742 3864 τθκακὸν
757 3809 853 3879 δηλον-
896 3807 1134 3890 Ἐξεπολιόρκησαν
1156 3808 1253 3887 λιμῷ]
1277 3805 1321 3865 ἵνα
1348 3809 1425 3879 δῆθεν
1439 3809 1477 3887 με]
1502 3811 1678 3884 ἀσεύήσωσιν.
1766 3876 1769 3883 ,

18 3924 48 3964 ςο
62 3899 111 3958 ότι.
136 3897 182 3956 καί
208 3896 259 3975 μὴν
286 3898 334 3954 οὐκ
355 3886 388 3968 ήν
411 3892 545 3974 βασιλεὺς,
568 3891 626 3951 ἀλλ’
653 3893 798 3973 ἐπίτροπος.
821 3935 853 3948 -
896 3898 976 3978 ἑτέρῳ
993 3895 1021 3954 δέ
1035 3893 1125 3976 τρόπῳ
1141 3893 1295 3972 ήσέύησαν,
1318 3897 1346 3954 ἐν
1366 3899 1428 3978 ίερῷ
1448 3898 1525 3957 αὐτὸν
1539 3901 1680 3983 πολιορκή-
1693 3925 1721 3966 ευ

61 3982 289 4064 Διαπραξάμενος]
301 3981 421 4063 χρήμασι
438 3978 557 4052 δηλονότι
576 3978 622 4039 καί
636 3979 723 4057 λύγοις
740 3982 853 4065 διαπρά-
895 4005 996 4049 σαντες.
1007 4016 1047 4027 -
1056 4002 1078 4042 ε.
1093 3978 1256 4065 Ἐμέλισαν]
1270 3986 1306 4050 είς
1320 3981 1367 4042 δύο
1381 3983 1484 4063 ἔτεμον.
1496 4020 1537 4031 -
1548 3986 1679 4066 Ἐμέλλη·

62 4071 252 4151 ξάμενος,ήτοι
264 4069 483 4151 διακρουσάμενος
497 4068 545 4141 τλν
561 4068 852 4154 κατηγορίαν.-Περί
895 4077 955 4142 σαν]
978 4067 1139 4142 ε’σκύπησαν,
1163 4068 1366 4144 ἐύουλεύσαντο,
1393 4071 1469 4151 ἐγγύς
1494 4071 1620 4151 ἐγένοντο.
1637 4111 1678 4124 --4

64 4161 160 4231 αὐτῶν]
176 4161 227 4216 τῶν
242 4157 481 4240 κατηγορημάτων.
895 4158 941 4226 Ἐς
955 4157 999 4217 τθν
1018 4157 1138 4230 Κεάδαν]
1159 4158 1282 4234 ἐμύαλεῖν
1302 4159 1429 4230 δηλονότι.
1447 4159 1525 4227 τύπος
1543 4164 1557 4220 6
1572 4163 1678 4233 Κεάδας

103 4248 246 4308 cxxxll.
268 4245 362 4313 Γένους
373 4269 401 4304 τε
413 4250 458 4304 τοῦ
472 4243 605 4326 βασιλείου
618 4243 692 4317 ὄντα]
708 4244 852 4327 Ἡρακλεί·
895 4244 1073 4328 θρωρυγμένος
1087 4247 1115 4304 ἐν
1128 4250 1288 4326 Λακωνικῇ,
1302 4245 1367 4305 ύπαο
1378 4248 1437 4314 τούς
1450 4246 1610 4329 κακούργους
1619 4250 1679 4311 είώ-

19 4357 49 4396 εσ
62 4335 110 4405 δης
126 4332 177 4413 γάρ
200 4325 243 4405 ήν.
260 4371 292 4383 -
310 4333 357 4395 Ἐν
376 4336 414 4412 τῷ
431 4331 551 4413 παρόντι]
570 4337 655 4415 καιρῷ
678 4334 806 4404 δηλονότι.
820 4373 852 4388 -
894 4339 956 4394 θασι
979 4333 1087 4416 ῥίπτειν.
1103 4367 1145 4378 -
1168 4333 1288 4407 Πλησίον
1311 4335 1378 4414 που]
1398 4339 1445 4394 τοῦ
1458 4333 1572 4398 Κεάδαν.
1586 4372 1626 4384 -
1643 4337 1678 4401 ‘0
1691 4357 1718 4400 ευ

63 4421 205 4493 Λεωνίδου]
217 4412 291 4488 οὗτος
302 4425 316 4479 6
328 4420 519 4492 Λεωνίδηςθέν
528 4419 717 4501 Θερμοπύλαις
729 4424 852 4504 ἀριστεύ-
894 4425 922 4481 ἐν
936 4423 1055 4503 Λελφοῖς]
1077 4425 1091 4480 6
1107 4419 1250 4482 Ἀπολλων.
1268 4456 1307 4467 -
1326 4421 1381 4484 Τόν
1393 4446 1422 4482 τε
1435 4421 1528 4504 τάφον]
1542 4423 1573 4484 τδ
1587 4427 1676 4504 σῶμα.

64 4532 113 4576 σας
127 4508 171 4567 ἐπί
184 4511 235 4566 τῶν
253 4511 390 4582 Μηδικῶν.
406 4545 438 4559 -
452 4507 567 4588 ’Λνεψιθς
577 4506 624 4580 ὤν]
638 4514 684 4567 τοῦ
698 4510 850 4594 Πλιιστάρ-
893 4545 935 4556 -
948 4509 996 4570 Ἐν
1009 4513 1047 4589 τῷ
1060 4508 1295 4589 πρατεμενίσματι]
1309 4512 1336 4569 ἐν
1351 4514 1389 4593 τῷ
1400 4511 1565 4594 προτιυλαίφ.
1576 4548 1619 4559 -
1631 4512 1678 4576 Ἔν

63 4621 123 4678 χου.
138 4634 170 4648 -
185 4616 207 4657 2.
219 4598 263 4676 Τῇ
276 4619 305 4656 τε
318 4594 482 4679 παρανομία]
498 4592 541 4654 διά
558 4593 590 4654 τδ
608 4599 646 4673 μὴ
667 4595 784 4678 στέργειν
797 4607 851 4668 τοῖς
893 4602 932 4680 τῷ
941 4597 1174 4678 προτεμενίσματι]
1185 4599 1212 4656 ἐν
1222 4601 1261 4678 τῷ
1272 4597 1378 4680 πρδτού
1389 4602 1459 4680 ίερού
1470 4601 1626 4682 προαστείῳ.
1637 4638 1679 4649 -

64 4687 228 4750 Λακωνικοῖς
239 4683 336 4761 νύμοις.
354 4719 394 4729 -
409 4683 473 4750 Τοῖς
493 4688 616 4763 παροῦσι]
634 4687 688 4750 τοῖς
705 4684 779 4757 ήθεσι
797 4689 850 4747 τῶν
893 4684 949 4746 Δύο
972 4683 1085 4762 σώματα
1101 4686 1317 4759 ...ἀποδοῦναη
1338 4686 1468 4759 τουτέστι,
1493 4686 1540 4746 δύο
1552 4688 1678 4770 Ἐφύρους

22 4792 51 4832 συ
64 4771 209 4832 Λακώνων.
225 4807 257 4819 -
268 4770 475 4850 Ἐῖεδεδιήι-ητο]
490 4769 539 4837 ἔξω
552 4774 604 4829 τῶν
616 4773 778 4831 Λακωνικῶν
791 4774 850 4855 διῃ-
895 4776 1036 4831 ἀποθανεῖν
1052 4773 1107 4833 ἀντ’
1121 4774 1210 4832 αὐτοῦ·
1226 4775 1249 4831 οί
1269 4774 1296 4831 δί
1310 4772 1464 4853 ἐσοφίσαντο
1476 4773 1535 4842 τούς
1552 4777 1674 4856 ἀνδριάν-
1690 4793 1717 4832 ευ

63 4867 129 4918 τᾶτο
141 4858 277 4937 νύμων.-
293 4860 356 4919 Ἐπί
368 4858 413 4918 τὸν
426 4857 548 4937 τρίποδα]
559 4861 606 4917 οὐκ
620 4861 646 4917 ἐν
659 4849 681 4940 ᾧ
694 4859 851 4936 ἐμαντεύετο
893 4882 951 4927 τας.
965 4859 1222 4942 -,’Λνδριάντας...
1248 4859 1382 4932 ἀνέθεσαν]
1405 4861 1458 4918 ἀνθ’
1483 4861 1539 4930 ένθς
1557 4859 1678 4938 σώματος

63 4945 235 5020 θ’Λπύλλων,
253 4948 311 5007 ἀλλ’
327 4945 412 5028 έτεριίν
427 4969 499 5019 τινα,
518 4945 546 5005 δν
561 4945 656 5006 ἐλαύον
670 4948 694 5006 οί
709 4947 850 5025 Ῥωμαίων
894 4953 941 5007 τοῦ
968 4949 1129 5010 Παυσανίου
1152 4948 1197 5009 δύο
1212 4946 1310 5022 στήλας
1334 4953 1379 5007 τοῦ
1406 4949 1560 5010 Παυσανίου
1585 4949 1678 5024 ἀνέθη·

65 5035 197 5114 βασιλεῖς,
214 5035 261 5095 καί
275 5034 420 5114 μετέθηκαν
436 5034 479 5093 ἐπὶ
496 5035 541 5092 τὸν
555 5035 718 5116 ίπποδρύμον
736 5041 781 5094 τοῦ
798 5039 851 5097 Bu-
894 5060 958 5097 καν.

65 5121 180 5190 ζανῖίοθ·
197 5163 227 5175 -
247 5144 269 5185 ³·
292 5122 485 5203 ’Etexohssavl
509 5121 672 5203 ἐξορύξαντες
690 5123 848 5206 ἀπήλειψαν.
871 5134 876 5164 ·
939 5126 1094 5192 CXXXV.
1107 5148 1131 5192 τ.
1140 5130 1195 5191 Τού
1209 5124 1236 5186 δέ
1252 5125 1392 5202 Πηδισμού
1405 5127 1451 5184 τοῦ
1464 5124 1553 5185 Παυσ.
1605 5132 1618 5200 ]
1630 5150 1686 5189 πε-
