3676 5828
177 331 233 384 su
656 270 661 281 ’
867 314 1105 379 mucrnmrs

177 452 306 523 Ἀθηναῖοι
319 448 467 531 παρέπλεον
485 447 529 507 ἐπὶ
543 446 624 528 κέρως
640 445 781 524 ταξάμενοι
798 446 862 525 παρ’
876 446 958 518 αὐτην
1002 454 1084 505 modo.
1109 453 1276 506 'Athenienses
1292 454 1351 506 ndei
1370 454 1441 517 longo
1455 453 1541 506 nullus
1556 452 1699 506 ”cundum
1716 454 1789 519 inu

177 537 224 610 τὴν
238 543 287 616 γῆν
303 536 347 595 ἐπὶ
365 541 411 608 τῆς
425 538 544 614 Σηστοῦ,
558 537 582 594 οἱ
596 532 624 592 δέ
643 532 850 604 Πελοποννήσιοι
868 533 959 593 αἰοόό-
1002 539 1070 591 mem
1082 544 1180 592 Sestum
1191 554 1277 591 rerem
1291 542 1449 605 navigiorum
1461 541 1632 605 Peloponnesii
1644 554 1705 593 vero
1717 556 1746 594 re
1755 557 1790 594 σο

178 649 251 704 μενοι
262 627 293 684 ἐκ
303 630 350 696 τῆς
360 623 467 684 Ἀόύδου
476 624 621 699 ἀντανῆγον
632 620 677 678 καί
688 620 770 681 αύτοί
812 620 960 701 (ι)Καίίνς
1003 630 1068 691 glnile
1077 642 1106 678 ex
1116 628 1200 690 Abydo
1211 633 1235 678 et
1246 629 1294 691 ipsi
1304 627 1541 692 obrumprodibans
1573 628 1792 694 (emensum

178 713 294 790 ἔγνωσαν
308 709 537 790 ναυμαχήσοντες,
553 706 741 788 παρέτειναντ
742 707 804 766 δκέ
806 731 851 790 ρας
869 712 893 767 ol
912 706 959 786 μὲν
1004 715 1320 766 animadverteruntnrvale
1336 716 1446 779 proelium
1461 716 1624 766 commissum
1638 717 1682 777 in',
1698 717 1792 780 lomi

182 803 307 870 Αθηναῖοι
320 822 358 857 πα
361 796 451 879 διτὴν
461 793 636 876 Χερσόνησον,
645 793 787 875 όρξαμενοι
797 795 850 854 ἀπο
857 795 960 856 Ἰδιίκου
1004 802 1112 852 ornnem
1122 803 1242 866 utumque
1251 802 1422 864 extenderunt
1433 802 1593 854 Atheniense
1604 802 1723 867 quidem,
1729 807 1793 867 inm

179 886 257 968 μέχρι
270 886 460 967 Ἀρριανῶη
429 906 488 955 νηες
497 880 578 950 ξκαί
588 880 634 940 66
620 880 784 960 δ,ομήκοντα
794 874 1369 951 018¹*eolle-coersonesun‚iniuouuen
1384 890 1416 940 eb
1431 889 1504 941 ldsoo
1519 903 1599 954 noque
1613 891 1648 940 ed
1664 893 1792 955 Annum,

177 974 344 1046 λοποννήσιοι
358 971 411 1031 ἀπὸ
430 969 538 1030 ’A668ou
553 968 632 1050 μέχρι
650 968 786 1050 Δαρδάνου
792 974 878 1042 ,νῆες
893 967 962 1029 ὀκτὼ
1005 978 1164 1028 neribussex
1178 978 1379 1040 elseplunginiu,
1392 977 1557 1041 Peloponnesi
1571 978 1793 1043 cnnlrusloAbylb

142 1052 147 1062 ¹
179 1086 225 1121 και
214 1060 375 1132 ’ἐξήκοντα
419 1060 449 1135 (ο)
465 1057 506 1118 Κί
508 1080 553 1138 ρας
566 1055 594 1116 δὲ
608 1060 661 1124 τοῖς
679 993 728 1133 μρὲν
743 1056 963 1129 Πελοποννησίοις
1005 1064 1283 1128 usqneeanrdsnnm,
1291 1065 1633 1129 narinusoosoetoctoglnse
1667 1067 1791 1129 (tillium

179 1141 295 1230 εἷχον“
271 1170 301 1207 το
324 1146 372 1225 μὲν
391 1145 472 1214 δεξιδν
495 1144 667 1227 Συρακόσιοι,
687 1143 756 1202 τὸδ’
775 1143 862 1224 ἕτερον
885 1143 963 1212 αὐτὸς
1006 1157 1087 1203 eutem
1105 1151 1366 1216 npndPeloponnesios
1382 1151 1481 1216 quidem
1494 1151 1612 1202 smeornl
1625 1151 1744 1203 dextrum
1754 1156 1793 1217 ὅτ

179 1237 311 1317 Μίνδαρος
322 1233 430 1293 καὶτῶν
443 1237 507 1291 νεῶν
518 1230 574 1290 οἱ
557 1254 591 1312 αρ
593 1229 804 1304 ισταπλίουσαι,
820 1231 963 1302 Ἀθηναίοις
1006 1241 1130 1302 recusum,
1144 1240 1264 1289 silerum
1257 1253 1309 1303 lpse
1320 1240 1459 1302 ldindnrus,
1469 1243 1495 1290 el
1508 1238 1674 1290 velocissime
1682 1241 1792 1302 nerium

183 1322 247 1381 88⁸
223 1346 254 1382 το
268 1321 349 1400 μὲνό
331 1343 466 1401 αριστερον
483 1319 639 1399 Θράσυλος,
652 1317 710 1377 ὁδί
728 1315 916 1399 Θρασύόουλος
933 1318 964 1377 τδ
1007 1327 1072 1392 opud
1083 1328 1239 1381 Athenienses
1250 1341 1308 1379 vero
1324 1328 1447 1378 sinistrum
1463 1328 1611 1391 Thrasylus,
1628 1328 1793 1390 Thrasybulus

181 1409 273 1479 δεξιόν·
295 1410 360 1468 oi8’
375 1408 450 1467 ἄλλοι
470 1405 640 1488 στρατηγοί“
626 1430 661 1474 ως
679 1405 785 1465 ἕκαστοι
804 1405 962 1474 διετάξαντο.
1008 1414 1265 1479 dextrum3relenque
1274 1415 1349 1466 duces
1359 1429 1405 1465 suo
1415 1428 1518 1479 qunque
1528 1414 1582 1466 louo
1594 1419 1730 1467 steterunt.
1760 1416 1792 1481 (l)

182 1499 217 1577 (e)
229 1495 425 1576 Ἐπειγομένων
444 1492 472 1554 δὲ
490 1499 542 1552 τῶν
559 1491 777 1565 Πελοποννησίων
791 1491 917 1574 πρότερόν
935 1517 964 1552 τε
1008 1506 1091 1562 Quum
1106 1507 1186 1553 sulem
1202 1503 1366 1566 Peloponnesii
1383 1507 1408 1553 el
1423 1501 1531 1566 prinsed
1546 1515 1637 1553 mensus
1648 1504 1735 1555 ιαιίτο
1744 1516 1793 1567 pe

182 1583 320 1663 ξυμμίξαι,
333 1581 378 1642 καί
388 1581 457 1642 κατὰ
469 1580 517 1660 μὲν
529 1581 559 1641 τὸ
571 1580 638 1650 δεξιδ
639 1605 652 1638 ν
666 1585 718 1639 τῶν
731 1580 874 1652 Ἀθηναίων
888 1585 965 1694 ὑπερ-
1008 1591 1131 1655 pererend,
1138 1591 1255 1641 eldexlro
1264 1591 1444 1642 Atheniensium
1453 1590 1580 1654 ournnipsl
1589 1589 1795 1641 sirmmlusien

182 1671 288 1752 σχόντες
304 1670 429 1730 αὐτοὶ
394 1695 432 1751 τῳ
447 1668 571 1751 εὐωνύμῳ
585 1671 735 1748 ἀποκλῇσαι
748 1691 794 1727 του
812 1666 904 1736 ἔξω
874 1667 965 1736 αυτοὺς
1009 1690 1054 1728 suo
1069 1678 1167 1728 sinistro
1181 1679 1235 1727 illos
1249 1678 1399 1729 extrinsecus
1414 1677 1547 1741 prodeundi
1562 1677 1697 1740 ίοουίιιιε,
1713 1679 1794 1742 sinos

182 1760 293 1831 ίκπλου,
311 1761 334 1817 εί
355 1729 488 1868 δύναιντο
507 1754 652 1816 κατδδὲτ
686 1755 766 1833 μέσον
788 1754 884 1823 ἐξῶσαι
902 1757 966 1838 πρὸς
1009 1770 1076 1828 oeni,
1087 1765 1256 1828 intercludere,
1266 1765 1447 1815 inmediorero
1457 1764 1641 1816 elidereeosed
1650 1770 1795 1816 ίσιτιιιιοοι

182 1844 282 1917 riv*
248 1868 297 1922 γην
319 1845 369 1954 οὐχ
382 1833 485 1909 ἑκὰς
455 1866 544 1914 ουσαν,
562 1846 586 1901 ol
607 1842 737 1913 Ἀθηναῖοι
751 1839 866 1920 γνόντες,
885 1835 965 1924 Ιἦμέν
1009 1853 1091 1916 moeni
1103 1852 1242 1913 disuntem
1257 1854 1415 1904 Athenienses
1426 1854 1627 1916 insereremus
1639 1852 1795 1918 qusqru'dn

185 1931 356 1992 ἐόούλοντο’
341 1953 427 2039 αποφρ
414 1929 585 2011 ράξασθαι’
556 1928 648 1997 αυτούς
661 1932 685 1989 οἱ
703 1929 813 1988 ἐναντίοι
821 1930 966 2002 ,-ἀντεπεξ
1009 1944 1076 2002 pule
1094 1940 1223 1991 sdversuii
1238 1953 1281 1990 eos
1299 1940 1456 1990 intercludere
1471 1940 1597 2001 volebenl.
1617 1940 1700 1992 noim
1716 1946 1795 1992 enm

182 2043 246 2097 ηγον
262 2017 308 2078 καί
321 2018 516 2100 περιεγίγνοντο
536 2040 574 2097 τῳ
555 2018 666 2097 “πλῷ,
709 2016 784 2094 (ι)τδ
798 2017 965 2096 δἐύώνυμον
1009 2027 1795 2091 ipsiexnnoeoantespraevertenmrillosmvlgrnonlsedeuele

184 2110 272 2175 αὐτοῖς
290 2103 496 2187 ὑπερεόεύλήκει
514 2102 632 2176 ἤδητλν
651 2102 733 2183 ἄκραν
752 2104 769 2175 ἢ
788 2105 872 2173 Κυνὸς
892 2110 966 2183 σῆμα
1011 2115 1045 2177 (n)
1057 2114 1099 2165 sed
1111 2115 1235 2164 sinistrum
1250 2129 1334 2166 eorum
1345 2128 1420 2165 οοιιιυ
1431 2119 1585 2178 superornet
1593 2115 1648 2177 ism
1658 2119 1796 2180 μανιω-

184 2195 313 2254 καλεῖται.
354 2195 402 2274 Τῷ
415 2191 442 2250 δέ
455 2189 968 2273 μίσῳ,τοιούτοοξυμύαίνοντος,ἄσθε-
1010 2203 1086 2263 rium,
1099 2201 1164 2264 quod
1175 2204 1322 2264 cynossema
1337 2203 1478 2266 appelletur.
1510 2196 1539 2252 ln
1553 2201 1636 2252 medio
1650 2207 1796 2267 salemum·

184 2280 239 2341 νέσι
254 2280 300 2340 καί
316 2278 520 2356 διεσπασμέναις
534 2285 591 2345 ταῖς
604 2277 681 2336 ναυσί
699 2278 867 2352 καθίσταντο,
882 2280 968 2348 ἄλλως
1011 2294 1063 2351 pter
1078 2289 1139 2338 huno
1154 2302 1205 2338 rem
1216 2289 1316 2338 infirmis
1329 2303 1358 2339 ao
1368 2289 1491 2353 dissipolis
1505 2289 1609 2341 nuribus
1621 2290 1794 2352 mummi.

184 2392 214 2427 τι
229 2367 275 2427 καί
293 2365 417 2426 ἐλόσσοσι
432 2365 565 2446 χρώμενοι
579 2365 609 2423 τὸ
623 2366 733 2439 πλῆθος,
746 2366 792 2425 καὶ
807 2372 852 2425 τοῦ
870 2368 967 2449 χωρίου
1011 2376 1625 2440 praeserlimquodnumeropoueiorlhusulebsnlur‚
1634 2378 1796 2438 numius,

184 2461 230 2515 τοῦ
241 2478 292 2536 περ
292 2454 338 2512 l⁸
316 2477 345 2513 το
358 2452 489 2520 Κυνδς”
456 2475 530 2529 σημα
540 2451 625 2520 ὀξεῖαν
639 2451 685 2511 καί
698 2453 816 2530 γωνιώδη
829 2452 951 2525 τλνι
891 2478 969 2536 περι-
1011 2479 1054 2529 (μιν
1061 2478 1125 2514 orreo
1134 2467 1281 2527 cyrensem
1289 2469 1354 2527 erat,
1363 2469 1462 2515 mutum
1471 2470 1495 2518 et
1503 2465 1644 2528 ungularem
1653 2467 1796 2517 emmenum

187 2540 267 2612 όολὴν
277 2540 393 2620 ἔχοντος,
402 2537 968 2620 ὥστττδιέντῷἐπίκιινααῦτουγιγνόμενα
1011 2551 1132 2613 habebat,
1148 2552 1182 2600 iis
1198 2556 1226 2601 ul
1239 2564 1269 2602 ee
1275 2565 1352 2616 ,quse
1369 2546 1498 2603 nllrseum
1512 2551 1614 2615 ieiuni,
1630 2553 1797 2618 onnsnldnon

187 2627 274 2706 μὴ’
240 2651 360 2687 κατοπτα
372 2617 446 2685 εἶναι.
1012 2643 1119 2701 poeseos

227 2717 286 2777 CV.
309 2703 555 2795 Προσπεσόντις”
525 2736 569 2771 ουν
588 2715 613 2772 οἱ
632 2713 838 2785 Πελοποννήσιοι
857 2715 969 2776 κατδτδ
1044 2728 1095 2775 cv.
1112 2729 1184 2776 Fnoln
1199 2726 1271 2787 ἰςίιυι
1288 2726 1455 2789 Peloponnesii
1472 2726 1654 2789 impresdone
1645 2740 1673 2777 ια
1690 2727 1797 2778 medin

187 2803 267 2882 μέσον
282 2800 393 2870 ἐξέωσαν
407 2824 436 2860 τε
453 2800 517 2868 65⁸
492 2823 523 2859 το
538 2798 613 2880 ξηρδν
629 2800 676 2869 τὰς
689 2807 750 2869 ναῦς
763 2805 814 2861 τῶν
829 2802 969 2877 Ἀθηναίων
1012 2817 1038 2863 el
1048 2823 1121 2862 neres
1132 2813 1312 2862 Atheniensium
1324 2815 1349 2862 in
1361 2813 1452 2864 siecum
1463 2814 1591 2875 eliseunl,
1603 2817 1629 2865 el
1640 2813 1706 2864 ullrn
1716 2815 1742 2866 in
1753 2818 1796 2865 len

186 2890 233 2950 καί
247 2892 272 2957 ἐς
283 2887 331 2960 τὴν
343 2893 392 2967 γῆν
405 2887 575 2961 ἐπεξέόησαν,
587 2891 624 2969 τῷ
637 2886 704 2969 ἔργῳ
715 2887 782 2947 πολὺ
797 2889 968 2970 περισχόντες.
1013 2912 1065 2948 rem
1079 2899 1270 2961 exscenderunt,
1286 2901 1371 2963 proelio
1386 2900 1455 2963 longe
1471 2901 1614 2963 superiores.
1647 2902 1797 2965 (lismont-

189 2978 222 3056 (ε)
237 2978 346 3054 Ἀμῦναι
361 2976 388 3035 δὲ
403 2978 441 3057 τῷ
457 2975 530 3058 μέσῳ
544 2975 597 3034 οὗθ’
611 2978 634 3034 ol
649 2974 710 3057 περί
724 2976 768 3034 τὸν
782 2976 971 3057 Θρασύύουλον
1014 2991 1151 3036 rerenulem
1159 2986 1245 3036 mediae
1252 2988 1310 3037 eoiei
1316 3001 1395 3051 neque
1401 2988 1566 3050 Thrasybulus
1572 2989 1797 3040 orrmsuissdexlrb

189 3064 242 3124 ἀπδ
256 3070 301 3123 τοῦ
314 3063 396 3132 δεξιοῦ
410 3063 460 3122 ὑπὸ
472 3063 585 3134 πλήθους
596 3067 647 3122 τῶν
660 3062 829 3142 ἐπικειμένων
840 3069 904 3124 νεῶν
917 3064 972 3125 ἐδύ-
1014 3078 1107 3137 potem
1113 3079 1209 3137 propter
1215 3075 1312 3124 narium
1320 3075 1367 3125 sibi
1373 3076 1514 3125 instantium
1521 3075 1796 3139 nonsummum

188 3175 279 3224 ναντο,
294 3151 347 3210 οὔθ’
361 3154 385 3210 oi
403 3151 463 3233 περὶ
476 3150 520 3210 τὸν
538 3150 677 3230 Θρόσυλον
696 3151 809 3210 ἀπὸτοῦ
824 3152 970 3230 εὐωνύμου·
1015 3160 1145 3222 Tlrnsylus
1156 3174 1212 3209 oum
1222 3162 1415 3224 suionsinistro3
1426 3176 1482 3212 nsrn
1491 3174 1569 3226 neque
1576 3164 1796 3226 oonspionslrisres

190 3237 285 3322 ἀφανές
298 3263 326 3298 τε
340 3238 390 3322 γλρ
405 3230 436 3311 ἦν
451 3237 495 3297 διὰ
507 3238 555 3309 τὴν
570 3236 654 3319 οίκρον
667 3237 697 3297 τδ
715 3238 799 3305 Κυνὸς
819 3243 907 3318 σῆμα,
926 3241 972 3300 καί
1015 3248 1369 3310 eretproplerpromontorium
1381 3249 1796 3314 cynossemetsinnlsyrmunni

190 3325 248 3404 ἅμα
262 3329 286 3385 ol
304 3329 343 3387 Συ
362 3325 462 3385 ακόσιοι
480 3325 524 3384 καλ
543 3327 566 3384 ol
587 3325 662 3383 oller
675 3328 723 3384 οὒκ
741 3326 865 3394 ἐλάσσους
883 3330 971 3387 ἐπιτε-
1015 3341 1040 3384 el
1049 3334 1135 3394 celeri,
1146 3335 1188 3397 qui
1199 3347 1247 3384 uon
1256 3336 1380 3398 pauciores
1389 3350 1489 3387 numero
1500 3340 1584 3387 ooulre
1595 3350 1638 3388 eos
1651 3338 1677 3387 in
1691 3338 1745 3388 soie
1758 3350 1796 3401 po

189 3412 316 3492 ταγμένοι
329 3350 414 3493 ε’ίργον
429 3410 533 3483 αὐτούς,
547 3411 609 3491 πρὶν
623 3415 646 3470 οἱ
665 3412 872 3484 Πελοποννήσιοι
886 3415 929 3473 διὰ
942 3415 973 3475 A
1016 3421 1056 3471 sill
1068 3425 1151 3483 erant,
1162 3435 1203 3471 eos
1217 3422 1388 3485 prohibebere
1400 3423 1478 3474 donee
1494 3423 1662 3487 Peloponnesii
1675 3429 1798 3489 penum

191 3499 370 3583 >spureissime
383 3501 466 3567 ἀδεῶς
480 3499 555 3557 ἄλλοι
570 3498 653 3569 ἄλλην
667 3504 728 3557 ναῶν
748 3499 848 3559 διώκειν
863 3501 973 3583 ἤρξαντο
1016 3508 1265 3572 συοιίνίσίοιίομοίίιί
1274 3523 1358 3560 secure
1367 3511 1407 3560 olii
1416 3511 1488 3560 elisur
1501 3523 1587 3561 novem
1600 3511 1795 3575 nequinont,

194 3588 267 3669 μίρει
280 3588 331 3646 τινὶ
345 3591 417 3668 σφῶν
432 3584 600 3667 ἀτακτότεροι
614 3585 741 3665 γενέσθαι.
785 3590 816 3666 (s)
829 3588 934 3657 Γνόντες
945 3591 973 3650 δέ
1016 3595 1119 3659 quadum
1136 3609 1187 3645 sule
1201 3597 1285 3646 classis
1300 3602 1367 3661 pene
1382 3598 1477 3649 ordines
1493 3598 1733 3662 solreseooeporunl.
1762 3599 1795 3661 (3)

191 3679 216 3734 σί
229 3674 290 3756 περί
303 3674 347 3733 τὸν
365 3673 553 3754 θρασύύουλον
572 3671 618 3740 τὰς
632 3673 675 3732 ἐπὶ
693 3673 766 3749 σφίσι
784 3681 845 3743 ναῦς
863 3678 974 3757 ἐπεχού-
1017 3684 1087 3742 Quod
1096 3697 1171 3746 quum
1180 3685 1353 3735 intellexissent
1362 3686 1797 3749 Thrasybuluselqnlonmeoemt‚

193 3786 255 3834 σας,
270 3760 434 3838 παυσάμενοι
451 3765 499 3831 τῆς
514 3758 679 3838 ἐπεξοιγωγῆς
697 3760 747 3832 ἤδη
766 3766 811 3820 τοῦ
830 3762 911 3844 κέρως
928 3765 974 3823 καί
1017 3770 1326 3833 destiteruntjameeomu
1335 3774 1439 3836 emplius
1448 3773 1596 3824 extendendo
1605 3777 1631 3824 el
1638 3779 1798 3836 uenenum

193 3848 435 3928 ἐπαναστρέψαντες
447 3847 519 3914 εὐθὺς
530 3845 662 3924 ἠμύνοντό
673 3869 702 3904 τε
713 3846 759 3905 καί
771 3846 917 3928 τρέπουσιν,
928 3851 975 3909 καί
1018 3858 1081 3908 versi
1090 3859 1206 3921 impetum
1215 3859 1321 3909 lunares
1330 3860 1659 3923 olbioppoeilesieoeruntel
1668 3861 1752 3912 elilim
1760 3874 1798 3911 ers

193 3935 239 4003 τὰς
253 3933 322 3994 κατδι
335 3934 365 3993 τὸ
379 3939 488 4007 νικῆσαν
508 3932 560 3992 τῶν
579 3934 796 4006 Πελοποννησίων
816 3935 893 4017 μέρος
906 3942 974 3999 ὑπο-
1019 3945 1133 4006 insugsnr
1144 3950 1254 4009 vertuni,
1267 3950 1293 3996 et
1306 3947 1359 3996 illes
1371 3961 1461 4008 neres,
1472 3959 1528 4010 qun
1539 3947 1564 3997 in
1574 3947 1669 3997 riolnoi
1685 3951 1798 4013 Pelopon·

194 4021 318 4090 λαύόντες
336 4019 539 4099 πεπλανημένας
560 4019 669 4079 ἔκοπτόν
682 4044 711 4079 τε
729 4020 774 4080 καί
792 4024 818 4089 ἐς
836 4023 916 4105 φόύον
928 4025 975 4094 τδις
1018 4032 1138 4081 nesiorum
1148 4037 1214 4095 perte
1223 4039 1303 4094 erent,
1314 4035 1405 4098 palntes
1415 4034 1495 4084 subito
1504 4034 1799 4098 inreolielellligebmlel

196 4109 298 4178 πλείους
311 4108 411 4190 ἀμαχεί
425 4109 594 4168 καθίστασαν.
635 4106 672 4168 Οί
685 4131 713 4167 τε
728 4108 886 4190 Συρακόσιοι
900 4112 974 4191 ἐτύγ-
1018 4118 1043 4166 in
1058 4123 1172 4168 terrorem
1188 4120 1313 4182 pleraeque
1329 4121 1380 4170 sine
1397 4122 1480 4184 proelio
1494 4120 1660 4183 oonjiclebenl.
1693 4125 1725 4173 iil
1742 4121 1799 4171 forle

195 4222 276 4279 χανον
290 4197 335 4257 καί
351 4196 425 4256 αὐτοὶ
438 4197 489 4269 ἤδη
504 4194 631 4277 τοῖςπερὶ
650 4195 694 4254 τὸν
707 4194 846 4277 Θρόσυλον
865 4200 975 4257 ἐνδεδω-
1017 4208 1160 4270 syracusani
1171 4211 1301 4271 quoqueel
1312 4208 1357 4271 ipsi
1364 4209 1414 4270 ium
1424 4214 1545 4259 oessernut
1554 4209 1597 4269 iis,
1608 4209 1720 4271 qrricurn
1729 4210 1799 4260 'lire

196 4287 268 4353 κότες
288 4285 334 4344 καὶ
355 4286 455 4362 μᾶλλον
476 4287 502 4352 ἐς
522 4282 605 4366 φυγὴν
626 4282 800 4363 ὁρμήσαντες,
820 4283 909 4358 ἐπειδὴ
930 4286 976 4346 καί
1019 4295 1071 4357 sylo
1082 4294 1449 4358 eranl,eliniugameonngis
1457 4291 1800 4359 oe'uonieoemnl,poslqurm

196 4372 255 4441 τούς
264 4373 356 4438 ἄλλους
366 4371 462 4452 ἑώρων.
1020 4387 1111 4432 ceteros
1121 4382 1193 4431 eliam
1206 4382 1285 4444 fogere
1295 4382 1413 4432 viderunt.

238 4463 311 4523 cvl.
333 4462 355 4520 Γ
357 4458 511 4537 εγεντμένης
526 4457 553 4517 δὲ
566 4462 612 4528 τῆς
630 4461 740 4540 τροπῆς,
754 4457 799 4516 καί
812 4459 976 4540 καταφυγόν-
1051 4471 1114 4518 cvl.
1132 4471 1300 4527 Quumsusem
1309 4468 1801 4534 nunesmrugsesueloponnesiipriuo

197 4572 250 4607 των
268 4551 320 4606 τῶν
340 4544 559 4617 Πελοποννησίων
582 4543 645 4624 πρὸς
664 4543 709 4602 τνδ
733 4543 840 4604 Μείδιον
861 4546 977 4625 μάλιστα
1020 4555 1148 4605 sdllumen
1157 4554 1569 4620 Midumpraecipueconmgissem,
1580 4555 1802 4633 deindermnsby

198 4635 316 4713 ποταμὸν
330 4633 360 4692 τδ
376 4637 488 4716 πρῶτον,
508 4631 567 4690 liure
524 4653 612 4713 στερον
630 4628 657 4689 δὲ
675 4632 700 4697 ἐς
715 4629 836 4711 Ἀόυδοη
850 4639 911 4700 ναῦς
930 4631 978 4711 μίν
1021 4641 1092 4702 dum,
1102 4656 1177 4693 neves
1186 4642 1283 4705 quidem
1293 4657 1380 4706 pausos
1388 4644 1544 4694 Athenienses
1552 4648 1667 4706 oeperunt
1677 4645 1802 4707 (sewius

199 4690 288 4801 όλίγός
308 4718 402 4779 Aeso
422 4723 446 4779 ol
464 4719 592 4790 Ἀθηναῖοι
610 4718 715 4796 (στενὸς
731 4717 782 4799 γὰρ
795 4715 859 4777 ῶνδ
880 4719 978 4792 Ἕλλη·
1021 4731 1396 4794 enimqnumsilllellesponlus‚
1406 4730 1802 4795 breviaboslibueellugieprrdre·

200 4831 309 4875 σποντος
325 4805 450 4888 βραχείας
463 4805 510 4875 τὰς
524 4804 679 4913 ἀποφυγὰς
675 4807 727 4872 τοῖς
746 4805 868 4872 ἐναντίοις
885 4807 977 4885 παρεῖ-
1021 4816 1082 4877 bol),
1095 4817 1217 4866 victoriam
1230 4822 1310 4868 lernen
1321 4819 1382 4868 hene
1393 4818 1804 4882 ιιιιοίίοριωίϋορρυιίιιιιίοοίιιιιιιι

200 4895 266 4974 χεν),
280 4891 376 4964 τλν’
343 4916 430 4970 μεντοι
443 4892 516 4964 νίκην
531 4891 628 4964 ταύτην
646 4896 692 4964 τῆς
709 4892 858 4971 ναυμαχίας
875 4895 978 4952 ἐπικαι-
1022 4907 1079 4953 luno
1094 4903 1255 4954 obtinuerunt.
1290 4907 1324 4967 (ι)
1342 4910 1422 4964 Quum
1440 4906 1506 4955 enim
1521 4904 1625 4955 odeum
1642 4906 1804 4969 nsqnedlem

201 4981 313 5062 ροτύτην
328 4982 359 5051 δὴ
373 4978 458 5059 ἔσχον.
500 4981 530 5058 (ι)
550 4979 715 5057 Φούούμενοι
734 4978 786 5061 γὰρ
803 4978 868 5046 τέως
884 4978 914 5039 τδ
927 4984 978 5039 τῶν
1022 4989 1175 5040 formidarent
1191 4992 1417 5055 Peloponnesiorum
1434 4992 1550 5053 classem,
1568 4996 1707 5055 τιμωρίαι
1724 4992 1805 5044 eudes

202 5066 421 5138 Πελοποννησίων
435 5068 554 5126 ναυτικόν
568 5067 611 5126 διά
624 5090 653 5125 τε
664 5064 698 5125 τδ
711 5064 780 5125 κατδι
796 5065 880 5149 βραχύ
894 5067 979 5148 σφοίλ·
1023 5079 1222 5142 minorespeosim
1233 5085 1354 5144 aceeptus,
1362 5079 1668 5143 numerosissimum,
1677 5093 1735 5144 quer
1744 5079 1806 5131 Ποία
