3676 5828
262 435 265 442 ¹
695 361 1097 441 sffl0L1A.1v,2z-ss.
1431 333 1436 342 ’
1647 379 1684 433 ιι

87 492 222 574 ήγουνέπ’
238 494 412 573 ἀγκυρῶν.-
430 511 453 552 ι.
473 491 554 573 Παρά
566 490 643 572 λόγον
662 493 866 575 ἐπιγιγνόμενος]
886 535 891 612 γ
948 497 1036 557 XXX.
1059 494 1155 577 Μέρος]
1173 500 1218 555 τοῶ
1240 498 1337 564 πάθους
1351 497 1478 570 δηλονότι.
1494 534 1525 544 -
1540 521 1563 562 ε.
1582 503 1685 564 Τῶνδέ

86 581 159 663 παρὰ
170 580 323 662 προςδοκίαν
335 578 495 656 συμόαίνων.
508 624 539 637 ..
549 579 785 662 Ἡμερῶνθλίγων]
797 582 866 650 ἐντὸς
886 624 889 638 ‚
908 587 1084 666 στρατιωτῶν]
1103 587 1155 642 τῶν
1169 584 1310 656 Ἀθηναίων
1328 590 1503 665 στρατιωτῶν.
1517 625 1549 639 -
1565 608 1587 648 ³.
1606 592 1688 651 Κατι

85 670 213 743 δηλονότι.
226 717 257 728 ..
272 669 319 728 Ἰἱν
333 668 405 748 νήσῳ
417 690 446 726 τε
461 667 558 748 ἐρήμη]
572 669 647 736 ὄντας
661 670 787 742 δηλονότι.
801 716 833 728 ..
842 692 864 732 ο.
907 670 998 744 δώνΙθ
1015 670 1183 749 Δημοσθένης
1205 672 1316 744 δηλαδή.
1336 709 1366 718 -
1384 677 1480 747 Αὐτοῦ]
1497 675 1527 735 τὸ
1546 678 1624 736 αὐτοῦ
1641 676 1686 738 καί

84 758 227 837 Τάξαντες]
239 757 270 816 τὸ
287 755 404 834 είςάγειν.
417 805 448 816 ..
467 756 613 837 Ἀργυρίου]
631 757 717 816 ένεκεν
734 759 862 831 δηλονότι.
906 758 1013 818 τοπικὸν
1025 760 1167 842 ἐπίρρημα.
1180 759 1226 819 καί
1238 757 1360 842 Ὅμηρος
1376 767 1415 834 [ll.
1428 773 1462 836 E,
1474 769 1534 835 τοι]

57 867 151 908 ο-ε.
168 848 214 913 Ἐς
227 845 261 904 τά
274 845 338 927 πρὸς
356 844 386 903 τδ
404 845 527 924 πέλαγος]
540 848 565 912 ἐς
578 844 611 904 τά
631 847 778 927 ἀφορῶντα.
796 866 863 909 ..7.
967 899 1044 948 Αὐτοῦ
1057 899 1188 963 ἐρυκακέειν
1701 914 1713 950 ⁶

85 933 298 1016 Καταφέρεσθαι]
314 930 483 1010 κατάγεσθαι.
504 980 536 992 ..
551 929 663 1015 1Ἀπορον
680 934 731 1015 γὰρ
749 933 864 1014 ἐγίγνετο
1190 935 1197 948 '

81 1024 243 1105 περιορμεῖν]
264 1021 361 1102 ἄπορον
374 1018 425 1101 γὰρ
439 1013 486 1098 ήν,
500 1021 619 1093 δηλονότι
638 1023 696 1089 ταῖς
708 1022 796 1095 ναυσί,
813 1047 864 1082 πε·
904 1023 975 1081 -ἐ.
1003 1019 1123 1103 Ἐκείνῳ]
1148 1025 1187 1104 τῷ
1207 1020 1377 1098 Δημοσθένει.
1398 1059 1429 1074 -
1451 1023 1524 1103 Ἅμα
1542 1026 1685 1106 γενόμενοι]

84 1119 197 1193 ριορμεῖν
212 1109 259 1181 τήν
269 1113 355 1180 νῆσον.
370 1148 401 1161 -
415 1107 533 1191 Ἀφειδὴς
547 1112 560 1168 θ
574 1110 723 1178 κατάπλους
734 1109 863 1182 καθεστή·
905 1106 985 1185 ήγουν
997 1109 1161 1177 συνελθόντες
1173 1115 1188 1169 θ
1208 1110 1300 1171 Κλέων
1316 1111 1362 1170 καί
1376 1115 1389 1170 θ
1404 1114 1581 1190 Δημοσθένης.
1595 1155 1627 1168 ·-
1641 1116 1688 1184 Ἐς

82 1200 134 1278 κει]
153 1198 232 1277 ήγουν
249 1198 412 1279 ἀφειδοῦντες
431 1198 531 1254 έαυτῶν
552 1196 705 1258 κατέπλεον.
720 1245 752 1257 ..
772 1196 864 1258 Ἐπώ-
904 1194 934 1253 τό
949 1198 975 1255 ἐν
989 1200 1022 1277 τῇ
1034 1197 1136 1279 ἠπείρῳ
1150 1197 1336 1280 στρατόπεδον]
1352 1203 1405 1258 τῶν
1417 1204 1643 1281 Δακεδαιμονίων.
1656 1238 1688 1251 -

42 1301 69 1342 ιο
83 1289 174 1346 κελλον
196 1285 247 1365 γίιρ
266 1282 300 1344 τά
325 1285 404 1341 πλοῖα
425 1307 448 1341 τ.
474 1285 532 1363 χρ.]
552 1284 707 1357 ἐξεδίδοσαν,
727 1285 804 1366 φησί,
829 1289 862 1365 τῇ
905 1280 965 1364 Ἐφ’
976 1273 1008 1365 ᾧ]
1022 1283 1078 1365 ἀντί
1089 1291 1134 1344 τοῦ
1146 1277 1176 1343 οὐ
1190 1285 1276 1365 χάριν.
1289 1323 1321 1336 -
1355 1288 1490 1370 ημετρίρ]
1503 1289 1688 1373 ήγουνφιλαιε·

80 1373 164 1455 πέτρφι
177 1373 212 1432 τά
223 1376 303 1432 πλοῖα
317 1372 450 1444 ὠνηθέντα
467 1373 614 1453 χρημάτων
628 1372 680 1432 θπθ
694 1375 861 1451 Δακεδαιμο·
904 1368 1009 1452 θρώπιρ.
1032 1408 1064 1421 -
1085 1372 1153 1454 Περί
1171 1379 1216 1432 τοῦ
1241 1373 1348 1441 πλέονος
1371 1375 1501 1457 ζυμύαθῇ]
1529 1378 1608 1457 ἤγουν
1627 1378 1686 1456 περί
1703 1395 1726 1435 ὐ

81 1461 149 1521 νέων.
164 1462 309 1540 ὑπέσχοντο
321 1458 372 1540 γάρ
385 1459 436 1525 τοῖς
448 1460 602 1541 ναυκλήροις
611 1460 703 1520 δώσειν
715 1459 762 1528 τάς
770 1458 862 1539 τιμάς,
904 1460 1022 1517 σπονδῶν
1036 1458 1167 1538 σύμόασις
1180 1460 1296 1540 γένηται.
1310 1466 1326 1540 §
1338 1466 1373 1530 ῶς
1386 1462 1419 1522 ἀν
1431 1466 1454 1523 εί
1465 1463 1551 1543 ἔλεγε,
1566 1466 1611 1525 καὶ
1627 1468 1687 1548 περὶ

81 1552 105 1608 εί
118 1548 249 1622 ἀπόληται
267 1547 301 1607 τά
319 1551 404 1608 αὐτῶν
422 1551 511 1607 πλοῖα.
524 1584 555 1594 -
570 1547 638 1628 Περὶ
651 1546 698 1615 τάς
711 1548 862 1627 κατάρσεις]
903 1548 955 1604 τῶν
968 1547 1055 1606 άλλων
1070 1547 1244 1628 πραγμάτων.
1264 1548 1311 1617 ἐως
1324 1550 1423 1610 τέλειαι
1436 1553 1547 1613 σπονδαί
1562 1554 1686 1633 γίνωνται

81 1636 219 1718 κατάρσεις
230 1635 301 1716 λέγει
311 1637 370 1705 τούς
382 1637 541 1711 ἐπιτηδείους
552 1639 588 1705 είς
596 1635 753 1715 καταγωγήν
767 1636 862 1705 τόπους
903 1632 948 1692 καί
959 1634 1055 1702 παντὸς
1066 1641 1111 1694 τοῦ
1126 1635 1243 1714 πολέμου
1255 1639 1408 1717 ἀπαλλαγή.

40 1743 68 1784 ιι
81 1724 127 1783 καί
140 1728 175 1792 είς
192 1724 221 1784 τὸ
240 1727 465 1806 προςορμίζεοθαι.
486 1725 516 1783 τὸ
530 1723 557 1783 δέ
576 1721 721 1806 ἐφύλασσον
740 1724 798 1782 ἀντὶ
815 1728 861 1783 τοῦ
949 1724 1050 1785 XXXI.
1072 1722 1206 1806 Ἐχώρουν
1221 1724 1320 1807 δρόμῳ]
1332 1725 1411 1804 ήγουν
1425 1725 1540 1809 ἔτρεχον.
1551 1764 1582 1774 -
1595 1730 1696 1809 Ἐχώ-·

80 1812 186 1894 φρουροὶ
199 1805 267 1885 ήσάν
276 1836 343 1880 τινες
351 1818 402 1873 τῶν
413 1809 699 1894 πολιορκουμένων,ίνα
709 1812 782 1879 εὐθὺς
794 1814 861 1871 ἀπο·
905 1832 995 1890 ρουν...
1017 1810 1048 1869 τδ
1070 1815 1174 1893 πρῶτον
1196 1812 1382 1895 φυλακτήριον]
1402 1815 1544 1895 δραμόντες
1563 1817 1684 1878 ἐπέθεντο
1701 1845 1724 1884 ιε

80 1897 181 1959 λάθωσι
206 1900 252 1968 τὰς
278 1902 385 1983 τροφάς.
403 1943 436 1955 -
455 1921 476 1960 ε.
506 1898 633 1978 Ἐςίνεον]
656 1899 860 1977 είςεκολύμόων,
903 1906 956 1965 τοῖς
965 1897 1078 1979 πρώτοις
1087 1898 1314 1982 φυλάσσουσιν.-
1327 1922 1349 1961 κ.
1361 1902 1548 1982 Διετετάχατο]
1566 1907 1687 1967 διατετα-

80 1987 246 2067 εέςενήχοντο.
263 2037 294 2047 -
313 1989 433 2060 Μήκωνα
452 1987 678 2067 μεμελιτωμένην]
697 1978 762 2054 εῖδος
782 1986 861 2066 βοτά·
903 1984 993 2063 γμένοι
1011 1987 1057 2046 καί
1083 1988 1269 2070 μεμερισμένοι
1282 1980 1351 2061 ήσαν
1370 1994 1395 2050 οῖ
1416 1993 1442 2049 ἐν
1457 1996 1490 2072 τῇ
1506 1993 1588 2075 νήσῳ.
1601 1995 1686 2075 -Τῇ

79 2080 155 2148 νηςή
169 2075 270 2153 μήκων,
292 2068 323 2148 ής
343 2081 357 2136 ὁ
377 2078 425 2157 μὲν
440 2077 501 2145 ἐπύς
516 2075 670 2153 θανάσιμος,
688 2079 722 2143 ῶς
743 2074 860 2155 λέγεται,
903 2074 995 2155 πρώτη
1017 2075 1132 2157 φυλακῇ]
1151 2076 1258 2156 πρώτην
1277 2078 1396 2159 φυλακήν
1416 2102 1494 2158 φησιν
1518 2080 1612 2148 αὐτούς
1629 2082 1686 2151 τούς

36 2177 68 2217 ²⁰
80 2163 111 2224 τέ
120 2162 147 2223 δέ
156 2169 234 2242 σῶμα
245 2163 416 2242 γλυκύτατον.
426 2164 534 2225 δύναται
547 2163 574 2222 δέ
583 2162 673 2235 πείνης
684 2163 860 2223 ἀπαλλάττειν
903 2161 1031 2243 φύλακας.
1051 2162 1166 2244 ἐπιφέρει
1180 2162 1231 2245 γάρ
1246 2163 1286 2223 ὅτι
1299 2164 1360 2247 τρία
1370 2165 1494 2244 τάγματα
1506 2159 1538 2240 ήν
1552 2171 1686 2230 Λακεδαι-

79 2252 223 2331 μιγνυμένη
238 2252 332 2330 μέλιτι.
344 2292 379 2302 -
392 2253 473 2313 Λίνου
484 2250 591 2333 σπέρμα
603 2253 774 2330 κεκομμένον]
785 2256 861 2312 τοῦτο
904 2248 999 2326 μονίων
1016 2248 1051 2308 τά
1064 2250 1227 2333 φυλάττοντα
1243 2251 1291 2324 τήν
1307 2257 1394 2326 νῆσον,
1411 2253 1438 2312 ἐν
1452 2253 1501 2332 μέν
1513 2258 1539 2314 ἐν
1554 2261 1592 2337 τῖγῖ
1613 2258 1685 2341 ἀκρῳ
1699 2290 1726 2329 ,η

78 2339 156 2422 δίψαν
171 2339 306 2421 θεραπεύει
319 2339 384 2421 πρδς
394 2340 480 2419 ὀλίγον
494 2339 552 2398 τινὰ
565 2338 665 2420 καιρόν.
680 2338 737 2398 ὅθεν
749 2339 795 2398 καί
808 2343 861 2408 τοῖς
902 2340 949 2408 τῆς
957 2336 1037 2409 νήσου
1051 2343 1090 2419 τῷ
1104 2338 1168 2419 πρὸς
1181 2339 1211 2398 τδ
1225 2337 1352 2418 πέλαγος,
1370 2337 1456 2421 ἐτερον
1471 2341 1498 2401 δέ
1516 2346 1543 2403 ἐν
1559 2348 1596 2425 τιῙι
1611 2345 1685 2428 άκρῳ

77 2426 231 2510 πυρέττουσι
244 2425 484 2511 προςάγεταιπαρά
497 2431 549 2486 τῶν
562 2429 668 2508 ἰατρῶν.
682 2426 712 2485 τὸ
725 2426 752 2486 δέ
766 2451 861 2507 κεκομ-
902 2426 940 2504 τῷ
953 2424 1017 2505 πρὸς
1028 2424 1072 2483 τὸν
1086 2425 1194 2505 λιμένα,
1211 2425 1251 2486 έτε
1284 2428 1336 2486 νδέ
1348 2430 1374 2486 ἐν
1388 2432 1426 2509 τῷ
1441 2428 1515 2511 μέσιρ
1528 2434 1575 2502 τῆς
1588 2430 1684 2507 νήσου,
1783 2448 1787 2453 “

77 2514 163 2592 μένον,
177 2515 362 2593 ἀληλεσμένον.
902 2509 967 2571 όπου
983 2511 1015 2570 τδ
1031 2511 1109 2594 ὕδωρ.
1124 2512 1231 2594 πρώτην
1244 2537 1287 2573 ουν
1300 2514 1420 2596 φυλακὴν
1435 2515 1505 2596 λέγει
1517 2516 1565 2589 τήν
1580 2519 1645 2600 πρὸς
1655 2521 1685 2580 τδ

36 2618 64 2658 ²⁶
117 2606 233 2667 XXVII.
256 2603 303 2664 Ἐν
312 2602 436 2686 τῇνήσιρ]
447 2608 480 2682 τῇ
494 2603 661 2686 Σφακτηρία.
673 2639 704 2652 -
712 2603 858 2685 Ἐπιλάόη]
902 2598 1025 2679 πέλαγος.
1040 2643 1071 2657 .-
1081 2601 1273 2680 Ὁμαλώτατόν
1285 2609 1323 2674 τε]
1339 2601 1413 2676 ίνθα,
1425 2602 1519 2685 φησίν,
1531 2596 1563 2677 ήν
1576 2606 1607 2665 τό
1618 2611 1686 2685 δμα-

77 2691 196 2772 κωλύση.
218 2737 250 2749 ..
268 2691 501 2774 Περιγενήσεσθαι]
526 2692 582 2750 ἀντὶ
601 2697 646 2750 τοῦ
667 2696 858 2773 περισωθῆναι,
902 2687 946 2746 λδν
960 2688 1005 2746 καί
1020 2688 1138 2748 ἰσόπεδον
1152 2689 1198 2748 καί
1214 2691 1262 2747 οὐκ
1282 2691 1309 2747 ἐν
1328 2687 1388 2772 θψει
1406 2689 1524 2768 κείμενον
1540 2696 1586 2764 τῆς
1604 2694 1684 2766 νήσου
1697 2718 1725 2756 ει

76 2780 172 2854 ζήσειν.
183 2818 213 2829 -
228 2802 249 2840 ε.
263 2777 396 2861 Ἐχοντάς
409 2804 435 2839 τι
448 2779 565 2860 ἐσχυρόν]
578 2780 659 2858 ήγουν
671 2779 779 2860 ἔχοντας
791 2783 860 2841 πολ·
903 2773 988 2856 μέρος.
1002 2812 1035 2827 -
1047 2776 1085 2837 Ὃ
1097 2768 1169 2849 ήν...]
1182 2777 1259 2859 ὅπερ,
1272 2777 1352 2859 φησί,
1368 2777 1401 2855 μέ
1418 2801 1458 2852 ος,
1472 2779 1502 2837 τδ
1516 2778 1627 2860 έοχατον
1639 2784 1684 2842 καί

75 2868 125 2941 λὴν
143 2868 263 2947 δύναμιν.
278 2909 309 2920 -
320 2867 585 2950 Ἐπικηρυκεύεσθαι]
606 2866 710 2949 κήρυκα
724 2867 771 2927 καὶ
792 2892 859 2949 πρε·
902 2861 1015 2944 προέχω
1030 2863 1074 2924 ἐπί
1087 2866 1135 2936 τήν
1149 2864 1253 2937 Πύλον,
1265 2863 1350 2946 τραχύ
1363 2889 1389 2923 τι
1403 2802 1436 2937 ῖν
1448 2866 1494 2924 καί
1504 2866 1638 2934 δύςόατον.
1652 2906 1684 2920 -

77 2955 169 3017 σόιίαν
181 2956 295 3035 πέμπειν
307 2957 350 3016 ἐπί
363 2955 501 3038 ξυμμαχίᾳ
514 2956 560 3015 καί
573 2955 657 3038 φιλίορ.
669 2992 701 3005 -
711 2977 733 3015 ο.
747 2955 860 3029 Ἀπεσή-
900 2947 1019 3032 Ἔρυμα]
1034 2951 1163 3034 φρούριον.
1175 2990 1207 3002 -
1220 2951 1354 3028 Δογάδην]
1370 2951 1520 3022 ἐπιλέκτως.

35 3061 64 3102 εο
78 3053 179 3124 μαινεν]
192 3043 374 3104 ἀποσκώπτων
386 3044 488 3117 ἐδήλου.
501 3092 532 3103 -
545 3042 655 3125 Ἐχθρὸς
665 3041 712 3114 ῶν]
724 3046 763 3124 τῷ
777 3043 858 3123 Νικίᾳ
941 3041 1061 3100 ΧΧΧΙΙ.
1083 3030 1142 3112 Οἷς]
1150 3040 1229 3116 ήγουν
1239 3041 1297 3098 καθ’
1307 3032 1355 3101 ῶν.
1367 3078 1399 3090 -
1408 3041 1546 3114 Δαθόντις]
1557 3043 1683 3123 λαθραίαν

75 3131 205 3205 δηλονότι.
232 3177 264 3191 ..
288 3131 448 3210 Ἐπιτιμῶν]
477 3133 604 3211 ἐγκαλῶν,
632 3130 857 3212 ἐπιμεμφόμενος,
900 3125 1064 3199 ποιήσαντες.
1080 3162 1112 3173 -
1131 3148 1155 3187 ε.
1174 3127 1391 3205 Ἐσκευασμένοι]
1416 3129 1495 3207 ήγουν
1514 3130 1681 3208 ὡπλισμένοι.
1697 3153 1725 3193 ιο

75 3220 214 3290 ὀνειδίζων.
899 3245 932 3258 ·-
943 3219 978 3276 Οί
998 3214 1195 3295 βεόοηθηκύτες]
1211 3219 1234 3274 οῖ
1249 3215 1456 3297 παραγινόμενοι
1468 3221 1506 3298 τῷ
1524 3218 1684 3295 Δημοσθένει

114 3308 245 3369 XXVIII.
266 3304 548 3386 Ὑποθορυόησάντων]
567 3304 635 3384 μετά
648 3304 757 3387 θορύύου
772 3305 858 3365 εἰπόν·
901 3300 927 3371 ἐξ
939 3305 1022 3383 ἀρχῆς
1034 3306 1070 3370 είς
1084 3303 1215 3383 βοήθειαν.
1224 3333 1255 3345 -
1269 3324 1291 3364 υ.
1304 3302 1465 3376 Διέστησαν]
1478 3304 1626 3385 ἐτάχθησαν
1641 3330 1685 3384 με·

74 3420 135 3458 των.
150 3444 182 3456 ..
194 3394 234 3456 Τὸ
245 3394 288 3455 ἐπὶ
302 3403 369 3477 σφᾶς
383 3385 450 3452 εἶναι
464 3397 617 3475 ἐπιχειρεῖν]
633 3394 691 3466 ἤτοι
704 3394 748 3453 ἐπί
759 3393 819 3462 τούς
832 3398 857 3454 ἐν
901 3391 1072 3473 μερισμένως.
1089 3424 1127 3437 -
1144 3391 1308 3472 Ἀμφίδολοι]
1330 3390 1489 3472 ἑκατέρωθεν
1513 3393 1682 3473 βαλλόμενοι,

34 3516 61 3556 8³
74 3490 107 3564 τῇ
122 3482 287 3569 Σφακτηρίᾳ·
300 3481 318 3553 ἢ
331 3481 408 3562 μέρος
419 3481 449 3541 τὸ
461 3482 501 3563 ἐφ’
513 3486 613 3541 ἐαυτῶν
630 3472 777 3542 εῖναι·τδδ’
791 3472 859 3542 εῖναι
900 3478 1073 3559 πανταχόθεν.
1087 3513 1127 3525 -
1143 3482 1192 3560 Τῷ
1211 3479 1316 3551 πλήθει]
1334 3479 1385 3538 θπδ
1402 3485 1449 3539 τοῦ
1464 3481 1587 3552 πλήθους.
1606 3516 1647 3527 -—
1659 3503 1681 3542 ι.

74 3573 200 3654 παρέλκει
218 3571 348 3636 Ἀττικῶς·
367 3568 401 3643 ἢ,
421 3572 457 3636 ὣς
473 3567 624 3642 Ἄντυλλος,
639 3569 683 3628 ἐπί
700 3569 786 3651 σφίσι,
806 3577 859 3636 τοῖς
900 3569 935 3628 οί
948 3565 1113 3648 ἀπορώτατοι
1121 3566 1286 3644 τοξεύμασιν]
1299 3571 1323 3627 ot
1334 3565 1382 3646 μέν
1394 3566 1568 3648 ἐξηγήσαντο,
1581 3572 1605 3629 οί
1615 3570 1683 3630 άπο-
1697 3601 1724 3640 ³5

75 3659 229 3740 στρατηγοῖς
244 3654 371 3729 δηλονότι.
386 3701 418 3713 ..
435 3677 456 3716 κ
473 3655 706 3736 Παραδωσείοντα]
724 3657 857 3736 ἐφιέμενον
901 3677 940 3734 ροι
953 3654 1041 3714 ὅπλων
1055 3654 1101 3714 καί
1113 3654 1254 3733 τοξεύμασι
1269 3655 1356 3732 μόνοις
1365 3655 1506 3736 χρώμενοι·
1515 3659 1539 3716 οί
1551 3655 1577 3716 δέ
1594 3657 1684 3737 λόγου·
1725 3718 1733 3736 ,

73 3745 240 3826 παραδώσειν
258 3744 303 3803 τὸν
318 3743 423 3804 Νικίαν.
439 3785 468 3794 -
488 3743 636 3824 Ἄνεχώρει]
656 3743 713 3801 ἀντὶ
730 3748 776 3802 ποῶ
795 3747 857 3803 ἀνε-
900 3765 950 3814 σιν,
965 3746 989 3802 οἱ
1007 3744 1043 3810 είς
1061 3742 1173 3824 ἀπορίαν
1189 3742 1358 3811 καθιστάντες
1376 3742 1436 3811 τούς
1454 3745 1684 3824 ἀντιτεταγμένους

74 3834 160 3894 δύετο.
179 3874 210 3884 -
220 3833 290 3893 Ἀλλ’
306 3834 404 3891 ἐκεῖνον
422 3833 590 3913 στρατηγεῖν]
611 3831 669 3890 ἀλλ’
688 3835 785 3891 ἐκεῖνον
804 3834 857 3892 δεῖν
899 3834 952 3898 τοῖς
967 3829 1132 3909 τοξεύμασιν.
1149 3829 1222 3889 θκαί
1237 3829 1349 3910 βέλτιον.
1366 3831 1411 3890 καί
1426 3831 1477 3912 γάρ
1495 3831 1541 3890 καί
1560 3831 1683 3915 Ὅμηρος

31 3949 60 3988 ιο
74 3922 239 4004 στρατηγεῖν.
253 3965 283 3977 ..
293 3940 315 3981 ο.
330 3919 481 3992 Ἐξίστατο]
495 3918 653 4001 παρεχώρει.
664 3962 696 3974 ..
707 3918 857 4000 Ἐζανεχώ·
901 3927 940 3996 [ll.
955 3930 993 3991 Η,
1007 3938 1060 3992 ειν,
1074 3917 1303 3999 α1.]ἐχρήσατυτῇ
1317 3918 1425 4000 τοιαύτη
1439 3918 1520 3992 λέξει,
1529 3921 1632 4002 χλωρὸν
1644 3925 1683 3981 εῖ-

75 4017 124 4092 ρει]
133 4009 191 4069 ἀντί
197 4014 242 4068 τοῦ
251 4006 372 4067 ἀνεδύετο
381 4010 465 4066 ποιεῖν
472 4006 540 4088 άπερ
548 4007 692 4087 ὑπέσχετο,
701 4006 856 4088 ἀπέφευγεν.
898 4004 956 4065 πών
970 4004 1025 4074 δέος
1039 4008 1086 4065 οὐκ
1104 4008 1168 4065 αὐτὸ
1190 4005 1250 4086 έχον
1262 4005 1310 4079 τήν
1326 4006 1496 4089 χλωρότητα,
1515 4007 1573 4066 ἀλλ’
1588 4008 1683 4092 έτέροις
1696 4028 1724 4068 ιο

113 4100 218 4159 xxlx.
240 4118 261 4157 ε.
275 4099 311 4158 Οἱ
333 4095 384 4177 γάρ
401 4099 572 4178 στρατιῶται]
591 4099 643 4154 τῶν
663 4094 812 4166 Ἀθηναίων.
827 4139 856 4153 ..
899 4093 981 4165 αὐτὴν
993 4097 1126 4172 ἐμποιοῦν·
1139 4094 1184 4153 καί
1195 4095 1240 4154 τὸν
1253 4093 1377 4155 Διόνυσόν
1387 4118 1451 4176 φασι
1465 4094 1620 4173 μαινόμενον
1633 4100 1683 4178 οὐχ

72 4188 116 4265 Τῇ
127 4183 233 4266 ἀπορία]
248 4188 282 4264 τῇ
295 4184 379 4265 ἐνδείογ
392 4187 445 4242 τῶν
456 4182 613 4262 ἀναγκαίων.
629 4212 661 4224 -
673 4183 859 4243 Διακινδυνιῶ-
898 4180 938 4240 ότι
955 4181 1035 4249 αὐτὸς
1046 4181 1181 4260 μαίνεται,
1196 4183 1254 4241 ἀλλ’
1274 4181 1314 4241 ὅτι
1328 4183 1399 4242 ποιεῖ
1416 4182 1564 4260 μαίνεσθαι.
1579 4216 1619 4229 ·-
1631 4184 1682 4246 Ἐκ

74 4280 130 4345 σαι]
147 4269 299 4352 παράύολόν
316 4295 342 4330 τι
361 4271 560 4352 διαπράξασθαι.
579 4310 612 4322 -
629 4290 651 4332 ³.
674 4273 795 4352 Αὐτῷ...]
818 4276 857 4354 τῷ
898 4272 996 4329 πολλοῦ
1011 4269 1114 4349 ἔχοντες
1128 4268 1222 4342 ἀλκήν]
1234 4273 1269 4336 ὡς
1280 4268 1312 4328 ἀν
1324 4271 1347 4328 εί
1361 4269 1460 4348 ἐλεγεν,
1471 4272 1502 4328 ἐκ
1515 4271 1611 4330 πολλοῦ
1624 4274 1681 4330 δια-

30 4383 58 4424 εε
72 4358 234 4439 Δημοσθένει
244 4359 391 4439 προθυμίαν
403 4357 590 4432 ἐνεποίησεν,ή
605 4357 752 4438 ἐπτέρωσεν
766 4358 856 4440 (ἐπέῤ-
899 4357 1031 4436 στήματυς
1042 4355 1089 4429 τήν
1104 4356 1213 4435 δύναμιν
1225 4356 1337 4437 ἔχοντες.
1353 4350 1489 4439 πόρρωθεν
1497 4358 1548 4440 γάρ
1564 4358 1594 4418 τὸ
1608 4359 1680 4430 τόξον

73 4451 175 4531 μωσιν).
196 4487 228 4499 -
243 4448 341 4514 Αὐτοὺς
361 4446 478 4527 βάλλειν]
497 4446 555 4514 τούς
576 4445 705 4513 Λάκωνας
725 4446 855 4518 δηλονότι.
898 4446 993 4526 ίσχύει.
1693 4468 1720 4506 ιο

71 4583 104 4596 ...
114 4535 205 4617 Σφίσι]
219 4543 272 4602 τοῖς
285 4534 436 4606 Ἀθηναίοις.
450 4570 481 4579 -
501 4534 637 4606 Ἐκείνων]
656 4537 708 4593 τῶν
723 4535 856 4594 Δακεδαι-
938 4534 1073 4594 XXXlll.
1096 4531 1143 4600 Ἐς
1155 4536 1247 4615 χεῖρας
1260 4534 1352 4606 ἐλθεῖν]
1363 4535 1561 4611 συμπλακῆναι.
1576 4578 1616 4589 -
1625 4526 1680 4597 Οὐ-

73 4623 178 4700 μονίων.
191 4662 222 4674 -
238 4625 341 4695 Αὐτῶν]
361 4626 413 4681 τῶν
428 4621 579 4694 Ἀθηναίων.
598 4660 630 4672 -
646 4621 726 4690 Ὧςτε
743 4622 854 4701 προςπί-
897 4628 948 4692 τοι]
960 4624 985 4679 οἱ
1006 4620 1145 4692 Ἀθηναῖοι.
1164 4656 1205 4666 -
1223 4641 1245 4682 ε.
1267 4622 1331 4688 Τοῖς
1351 4619 1399 4698 μέν
1418 4611 1462 4680 οὐν
1481 4620 1609 4695 ὁπλίταις]
1629 4627 1680 4682 τῶν

71 4733 146 4769 πτειν
160 4709 192 4770 ἐν
206 4707 308 4782 αὐτούς]
323 4718 376 4777 τοῖς
391 4709 534 4781 Ἀθηναίοις
550 4707 668 4781 δηλονότι
685 4709 856 4792 προςπίπτειν
898 4707 1048 4780 Ἀθηναίων.
1070 4741 1108 4754 -
1155 4734 1172 4789 η
1192 4707 1305 4790 σφετέρφ
1323 4710 1387 4786 ἐμπ.
1401 4708 1493 4791 χρήσ]
1506 4708 1551 4767 ίνα
1566 4709 1630 4789 λέγη
1642 4715 1680 4792 τῷ

30 4825 59 4864 ω
72 4796 132 4865 τούς
149 4797 380 4875 Λακεδαιμονίους.
400 4836 433 4848 -
450 4797 512 4857 Ἐπ’
534 4796 640 4864 ἐκείνοις
656 4794 707 4876 γάρ
728 4786 794 4856 εῖναι
811 4796 854 4870 ἀν]
897 4799 1065 4876 πεζομαχεῖν,
1079 4795 1136 4854 καθ’
1152 4794 1167 4854 δ
1182 4799 1282 4874 μᾶλλον
1296 4795 1416 4878 ἔμπειροί
1429 4799 1493 4856 εἰσιν
1507 4800 1530 4857 οῖ
1545 4799 1679 4859 Δακεδαι·

71 4892 126 4951 τοῖς
134 4885 360 4964 Λακεδαιμονίοις.
375 4934 406 4947 ..
424 4905 446 4945 ε.
464 4883 566 4962 Ὁμύσε
583 4883 661 4956 ἰέναι]
681 4882 738 4942 ἀντὶ
756 4890 801 4942 τοῦ
820 4887 855 4952 εἰς
898 4884 992 4960 μόνιοι.
1015 4919 1055 4929 -
1070 4884 1223 4966 Ἐμπειρίφι]
1243 4889 1276 4965 τῇ
1295 4883 1429 4966 ἐπιστήμη
1441 4890 1474 4965 τῇ
1487 4887 1627 4966 πολεμικῇ.
1639 4920 1680 4931 -
1692 4898 1720 4939 w

71 4976 177 5053 χεῖρας,
192 4972 238 5032 καί
250 4973 369 5046 πλησίον,
385 4972 402 5032 ό
417 4976 487 5033 ἐστιν
506 4974 542 5040 είς
562 4971 693 5044 συστάδην
714 4970 813 5051 μάχην.
824 5012 855 5023 -
898 4972 953 5033 Καὶ
961 4975 985 5031 οἱ
995 4971 1197 5053 ὑποστρέφοντες
1207 4973 1346 5051 ἠμύνοντο]
1361 4977 1385 5032 οῖ
1394 4973 1466 5054 ψιλοὶ
1476 4972 1535 5041 τοὺς
1547 4974 1678 5034 Δακεδαι-

72 5062 136 5121 Τῶν
151 5059 267 5120 πλεόνυιν
282 5061 408 5144 ἀπείρων]
420 5065 471 5121 τῶν
486 5059 638 5133 Ἀθηναίων.
651 5097 682 5110 -
691 5063 748 5132 Τῆς
762 5057 853 5140 προςό-
897 5059 1000 5139 μονίους
1011 5063 1058 5131 τῆς
1069 5059 1177 5129 διώξεως
1188 5061 1390 5143 ὑποστρέφοντες
1401 5060 1538 5139 ἠμύνοντο.
1553 5097 1593 5106 -
1607 5063 1680 5124 Κού-

74 5149 152 5228 ψιως]
166 5152 212 5220 τῆς
223 5148 338 5228 θεωρίας.
896 5171 950 5230 φως
966 5172 996 5207 τε
1016 5146 1212 5225 ἐσκευασμένοι]
1233 5150 1298 5231 ψιλῇ
1322 5148 1424 5208 ὁπλίσει
1448 5147 1617 5228 ὡπλισμένοι.
1637 5181 1679 5198 -

181 5257 390 5308 Τυιενυ.8αιιοι.
1518 5293 1545 5332 ³0
