3676 5828
671 358 844 421 scflomA.
871 358 923 430 Vl,
941 366 1057 419 νο-νε.
1601 372 1649 423 ιιι

104 491 190 552 L‘XX.
203 487 348 566 Γενομένης
357 488 379 546 δ’
392 490 417 546 έν
426 488 502 568 χερσί
511 491 557 559 τῆς
569 484 668 566 μάχης]
677 486 736 558 ήτοε
747 489 837 545 συνελ·
879 484 956 554 λέξαι
970 486 1107 556 δεσπότην,
1120 483 1192 564 φησί.
1210 516 1242 526 -·
1259 483 1503 568 Κακοξυνιτωτίρου
1523 487 1563 568 δέ]
1580 491 1656 568 ῆγουν

61 577 159 639 θέντων
174 576 266 657 έγγύς,
280 576 325 635 καὶ
336 577 366 635 έκ
379 575 463 655 χειρὸς
477 576 633 654 μαχομένων
648 573 715 652 μετὰ
726 574 756 633 τό
767 571 840 632 παύ-
879 572 1085 652 πανουργοτέρῳ.

62 671 160 728 σασθαι
173 664 232 733 τούς
248 663 395 732 λιθοῦόλους
408 662 453 723 καὶ
468 662 526 729 τούς
539 663 719 742 σφενδονήτας.
760 660 792 734 ῆ,
806 659 840 727 ώς
919 662 1064 720 Lxxvll.
1086 659 1294 739 Ξυστραφέντες]
1308 660 1386 738 ήγουν
1406 663 1598 742 συνταχθέντες.
1619 707 1659 716 -

61 778 144 828 τινες,
170 750 315 835 ἀρξαμένης
333 750 360 811 δὲ
377 755 424 822 τῆς
448 750 544 830 μάχης.
563 786 606 800 .-
620 751 759 828 Ἀντεῖχον]
778 750 841 808 ύπέ-
880 768 902 807 ο.
922 747 1028 827 Ταύτῃ]
1050 752 1088 828 τῷ
1109 745 1178 805 κατθ
1201 745 1289 814 πόλεις
1311 748 1429 820 δηλονότι
1449 752 1580 830 ληφθῆναι
1606 754 1658 834 ίδίφ

32 866 49 903 ε
63 864 151 918 μενον.
165 875 204 886 -
219 836 398 919 Μαχομένοις]
408 842 460 904 τοῖς
470 837 666 918 Συρακουσίοις.
677 872 717 882 -
731 838 841 896 Ξυνεπι-
881 834 994 896 έκαστοι.
1008 870 1046 879 -
1055 837 1109 895 Τοῦ
1121 834 1223 893 ἀπωθεν
1236 833 1271 912 ξ]
1282 839 1328 893 τοῦ
1340 843 1517 904 συνοικοῦντος
1530 839 1577 916 μίν
1590 839 1686 901 ’Κλ-ι

63 925 293 1006 λαῦέσθαι]αῖτιον
308 925 389 1007 φόὸου
404 925 532 1005 γενέσθαι.
548 927 660 992 -Τοῖς
675 926 698 984 δ’
716 928 840 1004 ίμπειρο-
880 924 955 993 ληνος
969 923 982 947 *
996 925 1023 981 έν
1044 927 1077 1001 τῇ
1097 922 1225 1003 Σικελία,
1246 921 1313 981 πολύ
1336 923 1363 983 δέ
1384 926 1528 992 διεστῶτος.
1547 961 1588 974 -
1602 928 1661 1010 Πρὸ

63 1015 146 1099 Ιιε’ροις
175 1019 227 1082 τοῖς
250 1012 399 1086 Ἀθηναίοις.
414 1047 456 1058 -
473 1010 545 1092 Ὥρα
568 1012 639 1081 ἔτους
662 1012 841 1092 περαίνεσθαι]
881 1009 909 1068 δί
924 1018 956 1071 ..ξ
978 1010 1122 1087 δυςτυχεῖν]
1137 1007 1203 1092 ύπίρ
1225 1013 1304 1068 αὐτοῦ
1319 1010 1346 1070 δέ
1365 1010 1474 1080 ἕκαστος
1492 1018 1595 1092 ἡγεῖται
1616 1016 1661 1073 τὸν

60 1102 132 1164 κατὰ
151 1101 241 1184 καιρόν
260 1100 386 1181 γενέσθαι.
398 1135 438 1146 -
451 1100 520 1168 Τούς
535 1101 556 1159 δ’
567 1104 762 1168 ἀνθεστῶτας...
785 1123 839 1158 πα-
881 1097 934 1178 ἰδία
945 1101 1031 1164 κακῶς
1040 1097 1330 1177 πάσχονταιδυςτυχεῑν.

60 1190 134 1270 ςέχ]
144 1191 307 1268 ἐκπλαγῆναι
321 1186 348 1246 δὲ
361 1189 461 1265 μᾶλλον
473 1188 524 1245 ὑπὸ
540 1191 591 1246 τῶν
609 1186 786 1260 ἀνθεστώτων,
802 1185 839 1264 μή
921 1187 1077 1246 Lxxvlll.
1100 1185 1196 1263 Ἐμοῦ]
1210 1190 1255 1244 τοῦ
1270 1186 1449 1267 Συρακουσίου
1470 1188 1597 1260 δηλονότι.
1622 1225 1661 1236 -

22 1300 48 1340 Ιυ
61 1276 221 1356 νικωμένων.
235 1311 276 1321 -
288 1295 310 1335 ε.
326 1275 381 1336 Καί
397 1273 536 1353 ὅήσσητοι]
551 1277 580 1334 οὐ
599 1274 630 1334 τό
643 1275 758 1348 σύνολον,
773 1273 841 1333 ἀλλὰ
882 1271 1092 1344 Βεόαιώσασθαι]
1107 1272 1266 1350 βεῦαιότατα
1278 1282 1351 1353 σχεῖν
1360 1271 1611 1355 ῆπεριποεήσασθαι.
1620 1311 1659 1322 -
1678 1295 1702 1335 ιο

60 1365 120 1425 τότε
134 1367 182 1445 οὐχ
205 1362 356 1441 ἡττημένοι.
374 1397 414 1407 -
437 1363 541 1440 Αὐτῶν]
559 1366 611 1422 τῶν
627 1362 777 1435 Ἀθηναίων.
800 1398 840 1407 -
881 1379 902 1418 2.
912 1359 974 1419 Είτε
984 1382 1023 1426 τις
1032 1364 1117 1440 φθονεῖ
1129 1357 1221 1437 μίν]
1231 1359 1256 1418 εί
1264 1365 1374 1437 τιςόμοῦ
1384 1359 1432 1438 μὲν
1444 1367 1531 1442 φθονεῖ
1540 1371 1593 1430 τοῖς
1605 1366 1660 1424 Συ-

61 1450 348 1530 Ἐπακολουθήσαντες]
370 1452 420 1530 οὐχ
444 1454 468 1509 οί
494 1451 595 1524 ἱππεῖς,
625 1451 685 1508 ἀλλ’
709 1454 733 1509 οῖ
763 1450 841 1523 Ἀθη·
882 1447 1040 1528 ρακοοσίοις,
1053 1451 1117 1525 ὁμοῦ
1130 1445 1157 1505 δέ
1172 1446 1283 1506 δέδοικεν
1296 1449 1422 1508 αὐτῶντὸ
1437 1449 1552 1529 μέγεθος,
1569 1451 1661 1531 (φσόε-

61 1544 138 1599 ναῖοι.
882 1535 921 1615 ρο]
931 1534 982 1616 γάρ
994 1534 1049 1611 ἅμα
1064 1534 1109 1592 καί
1121 1533 1251 1614 ἐπίφθονοι
1266 1540 1421 1593 καθεστᾶσιν
1434 1541 1457 1594 οῖ
1470 1537 1571 1614 μείζους
1580 1541 1598 1614 ,)
1617 1538 1662 1595 καλ

102 1627 204 1687 Lxxl.
226 1624 331 1703 Αὐτῶν]
342 1625 394 1683 τῶν
412 1625 607 1704 Συρακουσίων.
882 1622 925 1681 διὰ
933 1629 1010 1682 τοῦτο
1022 1621 1143 1702 βούλεται
1155 1619 1202 1699 μίν
1216 1626 1367 1692 κακωθῆναι
1380 1623 1585 1703 Συρακουσίους,
1596 1623 1662 1703 ύπίρ

21 1732 47 1772 ιε
101 1715 219 1774 Lxxll.
231 1733 253 1773 ο.
266 1714 307 1773 Οὐ
317 1710 406 1789 μέντοι
417 1711 536 1770 τοσοῦτόν
550 1715 625 1791 γε...]
639 1714 688 1791 οὐχ
702 1713 783 1782 οὕτως
796 1720 839 1785 ήτ
881 1716 925 1770 τοῦ
942 1708 1162 1791 σωφρονεστέρους
1185 1708 1304 1787 γενέσθαι
1324 1709 1423 1787 καὶμὴ
1447 1711 1582 1791 φορτικοὺς
1608 1717 1660 1781 τοῖς
1678 1737 1702 1775 ιε

62 1803 182 1873 ιηθῆναι,
196 1803 231 1867 ώς
245 1799 276 1858 ἀν
291 1822 328 1865 τις
341 1797 416 1879 ᾤετο.
429 1799 542 1865 -Τοῖς
554 1798 664 1878 πρώτοις
679 1804 730 1859 τῶν
742 1800 840 1872 Ἑλλή-
882 1799 1060 1877 ἀστυγείτοσι,
1084 1802 1198 1868 σωθῆναι
1225 1796 1311 1872 μέντοι
1338 1820 1368 1876 γε
1395 1796 1466 1874 ὅμως
1491 1797 1534 1857 δεῖ
1556 1799 1604 1871 τήν
1623 1804 1662 1859 οῖ-

62 1912 114 1947 νων
128 1887 263 1968 ἐμπειρία]
276 1894 328 1953 τοῖς
347 1885 482 1966 ίμπειρίαν
501 1885 591 1965 έχουσι
605 1888 650 1945 καί
663 1889 841 1967 συγγνμνασί·
882 1886 954 1946 κείαν
973 1886 1125 1968 ἀσφάλειαν,
1145 1883 1188 1945 ίνα
1211 1885 1248 1962 μή
1267 1886 1390 1962 μονωθεὶς
1413 1889 1498 1945 αὐτῶν
1521 1888 1566 1946 καὶ
1587 1888 1664 1957 αὐτδς

62 2000 96 2035 αν
110 1972 169 2056 περὶ
180 1974 211 2035 τθ
225 1974 367 2054 μάχεσθαι.
383 2009 423 2019 -
435 1994 458 2034 ε.
483 1975 738 2055 Παρασκευάσωσιν]
762 1977 841 2055 ήγουν
882 1975 1081 2053 καταδουλωθῇ,
1095 1964 1168 2040 αὐτος
1184 1972 1249 2031 ῖστω
1263 1976 1293 2032 οὐ
1314 1975 1428 2031 δυνατῶν
1446 1974 1588 2054 ἀνθρώποις
1603 1979 1662 2057 ὅρτ-

60 2061 236 2122 παιδεύσωσιν
251 2065 286 2130 εῖς
304 2061 484 2143 παρασκευήν.
498 2062 607 2134 -Τήν
622 2062 743 2142 μέν]τῆν
762 2067 841 2124 εὐτα-
881 2060 997 2140 γόμενος.
1044 2064 1114 2120 δοκεῖ
1135 2060 1163 2119 δέ
1187 2085 1243 2128 πως
1269 2061 1459 2132 ἀκαταλλήλως
1483 2065 1663 2135 ἀπηντηκέναι

19 2149 130 2218 ιυξίαν.
146 2184 184 2195 -
198 2149 255 2221 Τὴν
274 2150 296 2207 δ’
315 2148 454 2231 εὐψυχίαν]
470 2147 517 2220 τήν
537 2150 666 2231 ἀνδρείαν.
708 2150 841 2229 ὅμοιονδδ
882 2152 946 2229 πρὸς
959 2148 1006 2220 τήν
1019 2149 1149 2228 πρόθεσιν.
1171 2146 1303 2228 προειπὼν
1316 2147 1365 2228 γάρ
1377 2147 1416 2207 ὅτι
1429 2148 1531 2221 είτιςῆ
1546 2153 1660 2232 φθονεῖῆ
1676 2171 1703 2210 εο

61 2243 139 2297 τοῦτο
151 2240 189 2318 τῷ
202 2240 227 2296 ίν
242 2240 281 2318 τῷ
294 2234 424 2317 προοιμίῳ
438 2233 472 2320 [ι,
485 2236 521 2314 ιε]
537 2263 548 2290 ι
571 2235 638 2314 μετά
657 2237 782 2298 κινδύνων
796 2239 843 2306 τάς
882 2237 1001 2319 φοόεῖται
1013 2237 1058 2296 καί
1073 2239 1194 2315 βούλεται
1210 2240 1234 2312 (ό
1244 2239 1351 2316 φθονῶν)
1370 2241 1521 2309 κακωθῆναι
1535 2238 1594 2306 τούς
1606 2244 1661 2301 Συ-

63 2324 174 2402 μελέτας
184 2323 340 2402 ποιούμενοι.
354 2350 416 2376 ν-
430 2323 506 2384 Μετδε
521 2328 569 2383 τοῦ
578 2331 671 2384 πιστοῦ
685 2331 731 2398 τῆς
743 2329 841 2407 ἔπεσα]
883 2323 1049 2405 ρακουσίους,
1063 2322 1171 2403 ὤφειλεν
1186 2325 1331 2400 ἐπενεγκεῖν
1347 2321 1388 2382 ὅτι
1402 2323 1453 2402 ἄρα
1468 2327 1482 2381 ό
1502 2323 1659 2404 φοῦούμενος

63 2413 132 2490 μετὰ
158 2417 203 2470 τοῦ
218 2409 368 2471 πεποιθέναι
394 2409 512 2482 δηλονότι
536 2415 569 2491 τῇ
592 2412 739 2492 ἐπιστήμη.
761 2447 802 2460 -
820 2436 841 2476 ι,
883 2410 1053 2479 αὐτοδςπολύ
1067 2413 1166 2488 μᾶλλον
1183 2410 1310 2469 ἀπολέσαι
1329 2411 1479 2471 σπουδάσει.
1522 2412 1581 2472 ὁδί
1598 2417 1662 2475 αὐτὸ

61 2497 142 2572 ΙὈπη
164 2497 195 2558 ἀν
216 2498 382 2576 ίπίστωντοιι]
402 2495 454 2570 ὅπη
476 2498 507 2558 ἀν
527 2499 599 2576 ἄγειν
613 2503 728 2578 ἡγῶνται
742 2502 841 2584 συμφέ·
882 2497 1029 2559 τούναντίον
1039 2499 1171 2579 εἰρηκέναι
1185 2499 1267 2570 δοκεῖ,
1281 2496 1349 2555 ὅτιὸ
1369 2497 1526 2579 φοὸούμενος
1542 2501 1662 2580 βούλεται

20 2606 49 2645 τε
63 2609 126 2668 ρειν.
138 2621 178 2630 -
190 2582 369 2665 Κρύπτεσθαι]
384 2583 442 2643 ἀντί
451 2591 498 2643 τοῦ
508 2591 667 2648 συυπᾶσθαι.
883 2586 1061 2667 περιγενέσθαι
1076 2586 1134 2654 τοὺς
1147 2583 1349 2665 Συρακουσίους.
1403 2588 1432 2645 οὐ
1448 2586 1500 2663 μήν
1512 2589 1581 2647 ἐστιν
1596 2591 1660 2650 ἀκα·
1677 2612 1703 2650 τε

103 2673 228 2734 LXXIII.
250 2692 271 2730 ε.
286 2671 526 2752 Ὠφέλειαν]ήγουν
540 2672 704 2754 συμμαχίαν.
883 2675 1021 2746 τάλληλον·
1045 2676 1074 2732 οὐ
1099 2671 1150 2754 γδιρ
1173 2674 1253 2733 ἄλλου
1279 2671 1327 2749 μέν
1346 2695 1425 2754 φησιν
1449 2673 1583 2753 ὀρέγεσθαι
1605 2676 1664 2745 τούς

103 2762 232 2821 LXXIV.
255 2759 309 2819 Καὶ
322 2759 340 2817 ἃ
352 2756 400 2835 μίν
422 2757 578 2842 ἐπράσσετο]
592 2760 626 2819 τά
640 2766 686 2834 τῆς
704 2762 844 2845 προδοσίας
884 2767 1050 2844 φθονοῦντας,
1066 2761 1146 2821 ἄλλον
1160 2758 1188 2819 δέ
1203 2761 1263 2826 τοὺς
1275 2759 1464 2840 φοόουμένους,
1479 2763 1538 2820 ἀλλ’
1549 2763 1605 2831 ίνός
1616 2767 1665 2842 ἀμ-

64 2846 192 2918 δηλονότι.
206 2878 244 2891 -·
261 2843 391 2913 Ξυνειδὼς
411 2845 441 2904 τδ
465 2845 572 2925 μέλλον]
598 2847 672 2916 εἰδώς
692 2849 722 2909 τό
748 2850 842 2927 μέλλον
883 2849 1019 2930 φοτέρους,
1032 2852 1079 2907 τοῦ
1095 2851 1247 2919 κακωθῆναι
1262 2845 1379 2918 δηλονότι
1392 2846 1452 2914 τούς
1463 2850 1663 2928 Συρακουσίους·

64 2934 115 2993 ύπθ
128 2938 180 2993 τῶν
194 2933 334 3006 Ἀθηναίων
356 2933 470 2995 ἔσεσθαι.
491 2968 532 2980 -
548 2934 616 3003 Τούς
629 2960 657 2995 τε
668 2936 774 3018 ἄνδρας]
786 2937 844 3006 τοὺς
883 2943 928 2997 τοῦ
944 2936 1032 3014 μέντοι
1044 2933 1223 3016 περιγενέσθαι
1235 2931 1327 3000 αὐτούς
1336 2933 1452 3015 ἀφίεσθαι
1461 2938 1491 2994 οὐ
1500 2936 1558 3003 τοὺς
1570 2938 1663 3014 φοῦου·

23 3038 52 3078 νο
65 3021 194 3088 ὑπόπτους
210 3025 245 3087 ὡς
260 3019 438 3102 προδιδόντας.
457 3055 497 3066 -
514 3021 704 3105 Ἐπεκράτουν]
720 3028 843 3105 βουλευο-
885 3022 1065 3104 μένους,ἀλλά
1076 3023 1135 3090 τούς
1146 3021 1347 3103 προνοουμένους
1354 3026 1402 3094 τῆς
1411 3026 1497 3081 αὐτῶν
1507 3027 1659 3106 ἀσφαλείας.
1676 3054 1704 3093 ,νυ

65 3108 149 3186 μένων
167 3112 218 3167 τῶν
237 3106 403 3181 Μεσσηνίων,
421 3107 579 3189 ἐπεκράτουν
591 3114 615 3169 οί
636 3110 787 3191 βουλόμενοι
805 3111 843 3191 μή
885 3114 984 3190 μᾶλλον
1004 3102 1048 3169 οὐν
1071 3108 1246 3191 περιαιρετέον
1265 3108 1309 3168 τόν
1330 3108 1377 3186 μέν
1401 3108 1543 3188 σύνδεσμον
1566 3115 1595 3171 ἐκ
1618 3121 1663 3176 τοῦ

65 3197 186 3276 δέχεσθαι
199 3193 257 3263 τούς
270 3194 426 3266 Ἀθηναίους.
440 3231 480 3240 -
490 3198 594 3276 Ταῦτα]
603 3195 637 3255 τά
645 3201 696 3256 τῶν
708 3201 842 3280 Συρακου-
885 3227 897 3252 α
909 3202 1058 3270 κακωθῆναι
1073 3195 1130 3275 μίν,
1143 3196 1185 3255 ίνα
1208 3199 1434 3341 σωφρονισθῶμεν.
1456 3224 1468 3248 ν
1483 3229 1522 3243 -
1535 3199 1661 3261 Φθονιῖ...

64 3282 138 3342 σίων.
153 3317 193 3327 -
205 3301 228 3341 υ.
244 3281 410 3362 Ἐπιτήδεια]
427 3283 551 3364 τρόφιμα.
572 3320 612 3329 -
628 3285 682 3346 Καί
696 3285 843 3369 προύχώρει
884 3285 1015 3367 φοὸεῑται]
1028 3285 1069 3344 ὅτι
1082 3285 1112 3344 τὸ
1125 3283 1233 3366 φοόερδν
1245 3307 1257 3342 ε
1268 3306 1311 3341 ναι
1325 3283 1370 3341 καί
1385 3282 1530 3364 φοόεῐσθαι.
1543 3289 1577 3351 ὡς
1591 3287 1663 3346 καὶὸ

64 3366 151 3446 οὐδέν]
168 3367 240 3426 οὐδέν
254 3369 268 3397 ⁴¹
286 3367 378 3440 ἠνύετο
396 3369 440 3427 ὐπ’
465 3373 558 3428 αὐτῶν.
574 3406 614 3416 -
628 3373 842 3455 Σταυρώματα...
885 3376 1020 3453 Σοφοκλῆς
1028 3380 1075 3444 [Aj.
1088 3378 1135 3445 ιον]
1146 3370 1233 3451 ’Πρός
1241 3369 1292 3452 γάρ
1301 3369 1345 3428 τὸν
1355 3369 1449 3449 έχοντα
1459 3375 1473 3430 ὁ
1483 3371 1571 3451 φθόνος
1581 3373 1663 3454 ὅρπει.

25 3469 52 3510 εο
64 3454 249 3534 ποιησόμενοι]
271 3453 330 3535 ὅρια
351 3455 412 3536 περί
429 3456 460 3515 τθ
473 3457 646 3539 στρατόπεδον
660 3460 842 3539 ποιησάμενοι.
883 3459 992 3520 -Ἷνσι
1007 3459 1234 3540 σωφρονισθῶμεν]
1246 3461 1455 3535 ταπεινωθῶμεν.
1471 3492 1509 3503 -
1524 3461 1662 3540 Περιγενέ·
1677 3485 1702 3522 ,τυ

65 3543 89 3598 οἱ
111 3539 158 3617 μέν
178 3539 211 3599 τδι
235 3540 328 3621 νεώρια
348 3543 471 3618 ήκουσαν,
494 3547 713 3619 ἀκολουθήσαντες
732 3548 844 3631 Ὁμήρῳ
884 3557 944 3609 σθαι
955 3547 993 3620 δέ]
1000 3547 1059 3615 τοὺς
1070 3544 1613 3628 Συρακουσίουςπεριγενέσθαιτῷπολέμιγι,
1620 3546 1663 3608 ίνα

65 3629 107 3708 [11.
126 3639 156 3699 B,
172 3630 220 3709 ιω]
235 3629 345 3704 εἰπόντε,
652 3695 654 3698 ,
884 3634 1070 3715 καθυπέρτεροι
1081 3637 1132 3692 τῶν
1144 3631 1285 3705 Ἀθηναίων
1299 3632 1431 3711 γένωνται.
1445 3633 1598 3716 -Οὐγάρ
1611 3627 1664 3695 οἷόν

142 3768 424 3834 νων
883 3711 1666 3889 ξένουνείιννωννεῗιῑῑικ

65 3890 89 3947 (ὅ
102 3889 125 3947 δ’
140 3888 281 3961 ἀποθήκας·
884 3897 1062 3979 περιγενέσθαι
1076 3855 1104 3956 ὅὲ
1117 3896 1198 3974 ὅμως.
1213 3930 1254 3941 -
1290 3919 1321 3966 ης
1333 3893 1426 3975 τύχης]
1437 3895 1517 3973 ήγουν
1529 3899 1575 3968 τῆς
1584 3856 1664 3956 ίιεῦάἰ
1677 3919 1703 3957 ιο

28 3996 53 4036 w
106 3978 219 4037 LXXV.
240 3977 281 4038 Δι’
297 3976 445 4056 ἐλάσσονος]
456 3978 498 4036 δεδι
508 3980 690 4062 ταπεινοτέρου
701 3983 791 4046 τόπου.
805 4021 844 4031 -
885 4008 949 4053 αεως
960 3989 1011 4044 τῶν
1023 3985 1247 4065 πραγμάτων-
1261 4001 1283 4043 ε.
1307 3982 1361 4043 Καὶ
1373 3985 1396 4040 εί
1404 3983 1496 4061 γνώμη
1511 3983 1662 4064 ἁμάρτοι...]

66 4063 284 4143 Εὖαπθῖῑίχῑβῐθῑ
298 4055 373 4144 ὧΰῑν]
386 4066 497 4133 ῑῦκόλως
511 4070 732 4149 ἅποτειχισθῶσι,
747 4070 790 4130 ίνα
807 4073 843 4151 μή
884 4072 929 4130 καί
949 4075 981 4145 εἰ,
995 4062 1031 4131 ῶν
1055 4071 1183 4148 ἐπιθυμεῖ,
1205 4068 1303 4128 τούτων
1326 4069 1466 4150 διαμάρτοι
1489 4070 1663 4149 δυςτυχήσας,

65 4153 96 4210 ὅ*
118 4154 165 4222 ἧς
186 4150 287 4219 πόλεως
301 4151 433 4221 έῖέλθοιεν.
447 4189 488 4199 -
505 4175 527 4215 ο.
550 4155 614 4217 Ἐπί
632 4157 766 4238 Λάχητος]
787 4161 844 4220 ἀντὶ
885 4159 1023 4238 βουληθείη
1038 4159 1069 4217 ἀν
1079 4182 1143 4218 ποτε
1152 4165 1205 4224 τοῖς
1216 4163 1261 4215 νῦν
1272 4156 1407 4236 ἡμετέροις
1419 4159 1524 4235 ἀγαθοῖς
1536 4162 1661 4238 φθονῆσαι

65 4242 112 4297 τοῦ
129 4237 252 4317 {Hm
265 4239 395 4319 Λάχητος·
412 4275 452 4285 -
471 4243 649 4324 Προεχωρῶσι
672 4246 694 4304 δ’
709 4248 806 4326 αὐτοῖς]
821 4251 844 4307 οἱ
883 4245 971 4319 αὐτόν,
993 4246 1038 4305 ἐπὶ
1063 4253 1121 4313 ταῖς
1145 4244 1220 4311 ἰδίαις
1243 4245 1386 4326 συμφοραῖς
1411 4244 1605 4325 ὀλοφυρόμενος.
1624 4281 1657 4291 -

68 4327 247 4405 Καμαρῑναῖθῑ
259 4328 312 4394 τοῖς
321 4327 476 4398 Ἀθηναίοις.
492 4328 545 4387 ἀπὸ
557 4335 642 4389 κοινοῦ
658 4330 744 4409 τύμή.
884 4332 1020 4393 Ἀδύνατον
1050 4329 1122 4415 δὲ...]
1148 4331 1303 4412 βουλήσεται
1330 4328 1387 4408 μὲν,
1414 4333 1443 4389 οὐ
1473 4330 1611 4402 δυνήσεται
1635 4332 1662 4391 δί
1676 4364 1702 4402 ςς

28 4423 55 4464 ⁴⁵
106 4413 237 4474 Lxxvl.
258 4412 305 4485 Μή
318 4417 386 4491 ὑμᾶς
395 4414 531 4494 πείσωσιν]
545 4417 598 4475 ἀπὸ
612 4424 697 4478 κοινοῦ
708 4418 737 4478 τὸ
747 4419 845 4480 δείσαν·
883 4419 957 4499 ἴσως,
970 4429 1023 4488 τοῖς
1033 4420 1104 4496 ἐμοῖς
1121 4422 1226 4495 ἀγαθοῖς
1240 4416 1298 4476 τότε
1316 4422 1456 4498 φθονῆσαι,
1473 4417 1536 4495 ὅμή
1551 4419 1663 4490 θελήσας

66 4518 117 4565 τίς·
134 4495 178 4555 ἵνα
193 4490 230 4578 ᾗ,
256 4499 385 4567 δῑίσαντῑς
404 4500 452 4572 τήν
466 4505 517 4560 τῶν
540 4503 679 4576 Ἀθηναίων
704 4505 765 4586 περί
786 4506 845 4574 τοὺς
884 4507 942 4573 τοὺς
967 4505 1058 4573 αὐτούς
1075 4505 1133 4583 ίμοί
1150 4502 1280 4572 κινδύνους
1301 4504 1480 4565 ἐπανελέσθαι.
1520 4503 1551 4564 τό
1565 4502 1617 4564 δίε
1633 4509 1662 4565 οὐ

66 4581 158 4660 λόγους
168 4584 312 4656 δεινότητα.
328 4622 368 4631 -
380 4607 402 4647 ο.
418 4586 473 4654 Τάς
487 4587 534 4666 μὲν
546 4591 600 4648 ἐκεῖ
613 4589 713 4671 πόλεις]
725 4591 772 4658 τάς
784 4592 844 4675 περί
884 4593 943 4672 περὶ
956 4596 1008 4652 τῶν
1021 4592 1164 4668 ὀνομάτων,
1178 4589 1248 4650 ἀλλά
1261 4592 1383 4672 περὶτῶν
1403 4588 1484 4671 ίργων
1499 4617 1511 4643 ι
1526 4589 1570 4650 διά
1582 4591 1663 4668 μέσου

66 4669 114 4737 τὰς
126 4670 242 4741 Ἀθήνας.
256 4714 294 4725 -
310 4693 331 4732 ³.
348 4677 391 4754 Τῇ
407 4673 433 4732 δὲ
451 4678 517 4753 αὐτῇ
530 4675 599 4756 ἰδέη]
615 4678 718 4758 τρόπῳ,
732 4680 843 4761 διανοίᾳ.
884 4681 984 4752 κεῖται,
1004 4684 1040 4746 ώς
1053 4678 1124 4747 ἀξιον
1135 4678 1164 4738 θν
1176 4679 1348 4757 ἀναδέχεσθαι
1363 4678 1493 4744 κινδύνους
1508 4680 1538 4737 οὐ
1552 4678 1616 4758 πρὸς
1630 4678 1663 4737 τὰ

68 4756 175 4817 -Καί
191 4756 247 4815 ὅσοι
270 4761 323 4819 ἀπὸ
338 4766 409 4841 σφῶν
423 4753 502 4842 ήσαν]
523 4763 567 4823 καί
585 4762 641 4822 ὅσοι
661 4763 765 4824 ἀποεκοι
776 4755 845 4838 ἦσαν
884 4764 1000 4844 ὀνόματα
1015 4765 1226 4838 ἀποὸλέποντας,
1238 4765 1305 4824 ἀλλά
1317 4765 1423 4846 πρθςτά
1433 4765 1506 4846 ἔργα.
1522 4765 1580 4823 τίνα
1590 4765 1617 4824 δδ
1629 4764 1663 4823 τά
1677 4795 1703 4832 w

29 4877 57 4917 ⁶0
67 4845 163 4902 αὐτῶν.
177 4878 217 4889 -
231 4848 370 4927 Εὐπρεπῆ]
385 4848 504 4920 πιθανήν.
520 4884 560 4895 -
573 4870 594 4910 ο.
618 4854 653 4912 Οί
664 4850 711 4929 μίν
728 4853 844 4933 σφίσιν...
884 4854 999 4929 ὀνόματα
1020 4852 1064 4912 καὶ
1086 4851 1120 4911 τά
1143 4852 1220 4934 ἔργα,
1244 4852 1300 4924 ίξῆς
1325 4852 1448 4935 ἐπιφέρει.
1464 4886 1504 4896 -
1518 4851 1597 4933 Λόγῳ
1614 4849 1661 4929 μίν

67 4932 221 5009 καταδουλ]
236 4932 363 5004 Ἀθηναῖοι
379 4935 405 4993 δὲ
419 4936 479 5017 περὶ
488 4941 533 4995 τοῦ
542 4942 655 5010 έαυτοῑς,
673 4935 742 4996 ἀλλὰ
759 4937 846 5020 μήτῷ
884 4940 975 5022 γάρ...]
985 4945 1061 4998 τοῦτο
1075 4938 1193 5019 ίξήγησίς
1207 4942 1262 4998 ἐστι
1275 4945 1320 4997 τοῦ
1331 4938 1464 5020 προτέρου.
1505 4943 1520 4998 δ
1544 4939 1592 5017 μὲν
1612 4937 1661 5018 γάρ

68 5017 155 5097 Μήδῳ
171 5021 401 5093 καῖαδθυύωὓῆναῑ
418 5023 477 5090 τοὺς
496 5021 641 5095 Ἕλληνας.
660 5061 699 5070 -
713 5027 748 5085 Οί
766 5025 788 5084 θ’
803 5027 846 5084 έπῖ
884 5028 948 5109 πρὸς
961 5027 995 5086 τίι
1007 5027 1123 5104 ὀνόματα
1140 5027 1244 5105 βλέπειν
1255 5025 1371 5096 οἰήσεται
1386 5024 1486 5097 σώζειν,
1505 5026 1663 5103 συμμαχῶν,

68 5104 194 5164 δεσπότου
206 5106 350 5188 μεταθελῇ]
365 5111 388 5167 οἱ
403 5107 430 5168 θί
443 5109 653 5184 ἀλλοιἛλληνες
665 5112 730 5193 ὑπὲρ
742 5118 786 5171 τοῦ
796 5114 845 5172 ἀλ-
886 5113 933 5186 τήν
959 5115 1088 5194 ἡμετέραν
1104 5111 1222 5192 δύναμιν,
1244 5111 1376 5171 τουτέστιν
1389 5117 1467 5189 ἡμᾶς·
1482 5115 1496 5169 ὅ
1509 5111 1537 5170 δί
1553 5107 1661 5190 πρόςτά

1493 5242 1530 5280 ³⁴2.
