<?xml version="1.0" encoding="UTF-8"?>
<!DOCTYPE html PUBLIC "-//W3C//DTD XHTML 1.0 Transitional//EN"
    "http://www.w3.org/TR/xhtml1/DTD/xhtml1-transitional.dtd">
<html xmlns="http://www.w3.org/1999/xhtml" xml:lang="en" lang="en">
 <head>
  <title>
</title>
<meta http-equiv="Content-Type" content="text/html;charset=utf-8" />
  <meta name='ocr-system' content='tesseract 3.04.00' />
  <meta name='ocr-capabilities' content='ocr_page ocr_carea ocr_par ocr_line ocrx_word'/>
</head>
<body>
  <div class='ocr_page' id='page_1' title='image "./historiabellipe00thucgoog/historiabellipe00thucgoog_0464.png"; bbox 0 0 3676 5828; ppageno 0'>
   <div class='ocr_carea' id='block_1_1' title="bbox 180 303 1158 381">
    <p class='ocr_par' dir='ltr' id='par_1_1' title="bbox 180 303 1158 381">
     <span class='ocr_line' id='line_1_1' title="bbox 180 303 1158 381; baseline 0.007 -21"><span class='ocrx_word' id='word_1_1' title='bbox 180 321 216 373; x_wconf 72' lang='lat'>32</span> <span class='ocrx_word' id='word_1_2' title='bbox 785 303 955 365; x_wconf 80' lang='lat' dir='ltr'>SCHOLIA.</span> <span class='ocrx_word' id='word_1_3' title='bbox 974 306 997 381; x_wconf 91' lang='grc' dir='ltr'>Ι,</span> <span class='ocrx_word' id='word_1_4' title='bbox 1011 315 1158 369; x_wconf 74' lang='lat'>96-104.</span> 
     </span>
    </p>
   </div>
   <div class='ocr_carea' id='block_1_2' title="bbox 69 428 1822 5169">
    <p class='ocr_par' dir='ltr' id='par_1_2' title="bbox 179 428 1795 790">
     <span class='ocr_line' id='line_1_2' title="bbox 217 428 1795 546; baseline 0.003 -47"><span class='ocrx_word' id='word_1_5' title='bbox 217 437 293 499; x_wconf 83' lang='lat' dir='ltr'>XCV</span> <span class='ocrx_word' id='word_1_6' title='bbox 295 438 318 497; x_wconf 87' lang='grc' dir='ltr'>Ι.</span> <span class='ocrx_word' id='word_1_7' title='bbox 339 433 411 516; x_wconf 85' lang='grc' dir='ltr'>Πρδς</span> <span class='ocrx_word' id='word_1_8' title='bbox 421 428 469 494; x_wconf 72' lang='grc' dir='ltr'>τὀν</span> <span class='ocrx_word' id='word_1_9' title='bbox 479 432 621 546; x_wconf 80' lang='grc' dir='ltr'>βάρόαρον]</span> <span class='ocrx_word' id='word_1_10' title='bbox 634 432 703 493; x_wconf 82' lang='grc' dir='ltr'>κατδ</span> <span class='ocrx_word' id='word_1_11' title='bbox 712 439 757 494; x_wconf 87' lang='grc' dir='ltr'>τοῦ</span> <span class='ocrx_word' id='word_1_12' title='bbox 771 434 962 516; x_wconf 81' lang='grc' dir='ltr'>βαρόάρου.-</span> <span class='ocrx_word' id='word_1_13' title='bbox 1003 434 1204 515; x_wconf 86' lang='grc' dir='ltr'>ίκνούμενον]τδ</span> <span class='ocrx_word' id='word_1_14' title='bbox 1216 440 1312 520; x_wconf 86' lang='grc' dir='ltr'>ἀρκοῦν</span> <span class='ocrx_word' id='word_1_15' title='bbox 1321 439 1592 522; x_wconf 77' lang='grc' dir='ltr'>εῐςπιριποίησιντιῦν</span> <span class='ocrx_word' id='word_1_16' title='bbox 1601 443 1795 516; x_wconf 73' lang='grc' dir='ltr'>νοῦκἌλλκις·</span> 
     </span>
     <span class='ocr_line' id='line_1_3' title="bbox 180 518 1794 612; baseline 0.01 -35"><span class='ocrx_word' id='word_1_17' title='bbox 180 522 345 606; x_wconf 85' lang='grc' dir='ltr'>Πρόσχημα]</span> <span class='ocrx_word' id='word_1_18' title='bbox 365 518 502 602; x_wconf 73' lang='grc' dir='ltr'>πρόρασις.</span> <span class='ocrx_word' id='word_1_19' title='bbox 516 555 554 567; x_wconf 91' lang='grc'>-</span> <span class='ocrx_word' id='word_1_20' title='bbox 579 519 959 602; x_wconf 77' lang='grc' dir='ltr'>Ωνέπαθον1λείπειήθπέρ,</span> <span class='ocrx_word' id='word_1_21' title='bbox 1006 524 1036 584; x_wconf 86' lang='grc' dir='ltr'>τδ</span> <span class='ocrx_word' id='word_1_22' title='bbox 1054 526 1158 605; x_wconf 79' lang='grc' dir='ltr'>φθάνον,</span> <span class='ocrx_word' id='word_1_23' title='bbox 1179 526 1208 585; x_wconf 85' lang='grc' dir='ltr'>τὸ</span> <span class='ocrx_word' id='word_1_24' title='bbox 1229 528 1372 587; x_wconf 80' lang='grc' dir='ltr'>ἐπιθάλλον</span> <span class='ocrx_word' id='word_1_25' title='bbox 1394 529 1497 612; x_wconf 78' lang='grc' dir='ltr'>ἑκάστῳ</span> <span class='ocrx_word' id='word_1_26' title='bbox 1517 531 1655 610; x_wconf 77' lang='grc' dir='ltr'>τιμήματι</span> <span class='ocrx_word' id='word_1_27' title='bbox 1671 539 1722 608; x_wconf 77' lang='grc' dir='ltr'>τῆς</span> <span class='ocrx_word' id='word_1_28' title='bbox 1736 536 1794 605; x_wconf 73' lang='grc' dir='ltr'>νεὸς</span> 
     </span>
     <span class='ocr_line' id='line_1_4' title="bbox 179 599 1794 704; baseline 0.006 -32"><span class='ocrx_word' id='word_1_29' title='bbox 179 610 212 672; x_wconf 76' lang='grc' dir='ltr'>ἵν’</span> <span class='ocrx_word' id='word_1_30' title='bbox 226 605 257 691; x_wconf 76' lang='grc' dir='ltr'>ᾖ,</span> <span class='ocrx_word' id='word_1_31' title='bbox 272 610 337 690; x_wconf 84' lang='grc' dir='ltr'>ῦπέρ</span> <span class='ocrx_word' id='word_1_32' title='bbox 349 599 395 667; x_wconf 72' lang='grc' dir='ltr'>ὧν.</span> <span class='ocrx_word' id='word_1_33' title='bbox 406 644 436 653; x_wconf 98' lang='grc'>-</span> <span class='ocrx_word' id='word_1_34' title='bbox 453 628 475 670; x_wconf 81' lang='grc' dir='ltr'>υ.</span> <span class='ocrx_word' id='word_1_35' title='bbox 488 608 707 685; x_wconf 85' lang='grc' dir='ltr'>Ἓλληνοταμίαι]</span> <span class='ocrx_word' id='word_1_36' title='bbox 720 612 744 667; x_wconf 89' lang='grc' dir='ltr'>οί</span> <span class='ocrx_word' id='word_1_37' title='bbox 756 608 892 689; x_wconf 90' lang='grc' dir='ltr'>δεχόμενοι</span> <span class='ocrx_word' id='word_1_38' title='bbox 903 608 961 675; x_wconf 81' lang='grc' dir='ltr'>τούς</span> <span class='ocrx_word' id='word_1_39' title='bbox 1005 613 1191 674; x_wconf 86' lang='grc' dir='ltr'>καταόοίλλειν.</span> <span class='ocrx_word' id='word_1_40' title='bbox 1212 649 1254 659; x_wconf 90' lang='grc'>-</span> <span class='ocrx_word' id='word_1_41' title='bbox 1282 616 1364 677; x_wconf 79' lang='grc' dir='ltr'>Δθτολ</span> <span class='ocrx_word' id='word_1_42' title='bbox 1382 617 1420 690; x_wconf 89' lang='grc' dir='ltr'>δέ]</span> <span class='ocrx_word' id='word_1_43' title='bbox 1441 617 1521 696; x_wconf 70' lang='grc' dir='ltr'>ἤγουν</span> <span class='ocrx_word' id='word_1_44' title='bbox 1537 623 1562 679; x_wconf 81' lang='grc' dir='ltr'>οἱ</span> <span class='ocrx_word' id='word_1_45' title='bbox 1587 619 1743 704; x_wconf 88' lang='grc' dir='ltr'>σύμμαχοι.</span> <span class='ocrx_word' id='word_1_46' title='bbox 1758 658 1794 671; x_wconf 91' lang='grc'><strong>-</strong></span> 
     </span>
     <span class='ocr_line' id='line_1_5' title="bbox 180 695 1750 790; baseline 0.009 -35"><span class='ocrx_word' id='word_1_47' title='bbox 180 699 273 782; x_wconf 83' lang='grc' dir='ltr'>φόρους</span> <span class='ocrx_word' id='word_1_48' title='bbox 287 695 477 776; x_wconf 76' lang='grc' dir='ltr'>συναγομένους</span> <span class='ocrx_word' id='word_1_49' title='bbox 491 697 544 756; x_wconf 79' lang='grc' dir='ltr'>ἀπὸ</span> <span class='ocrx_word' id='word_1_50' title='bbox 562 700 615 755; x_wconf 81' lang='grc' dir='ltr'>τῶν</span> <span class='ocrx_word' id='word_1_51' title='bbox 628 695 776 769; x_wconf 79' lang='grc' dir='ltr'>Ἑλλήνων,</span> <span class='ocrx_word' id='word_1_52' title='bbox 791 696 837 755; x_wconf 81' lang='grc' dir='ltr'>καί</span> <span class='ocrx_word' id='word_1_53' title='bbox 855 695 958 777; x_wconf 69' lang='grc' dir='ltr'>φυλάσ·</span> <span class='ocrx_word' id='word_1_54' title='bbox 1006 700 1209 783; x_wconf 88' lang='grc' dir='ltr'>Ἀπαράσκευοι]</span> <span class='ocrx_word' id='word_1_55' title='bbox 1221 701 1354 765; x_wconf 87' lang='grc' dir='ltr'>ἀδύνατοι.</span> <span class='ocrx_word' id='word_1_56' title='bbox 1369 739 1410 751; x_wconf 89' lang='grc'>-</span> <span class='ocrx_word' id='word_1_57' title='bbox 1424 706 1602 788; x_wconf 86' lang='grc' dir='ltr'>Καθίσταντυ]</span> <span class='ocrx_word' id='word_1_58' title='bbox 1619 710 1750 790; x_wconf 83' lang='grc' dir='ltr'>ἐγένοντο.</span> 
     </span>
    </p>

    <p class='ocr_par' dir='ltr' id='par_1_3' title="bbox 152 782 1813 1226">
     <span class='ocr_line' id='line_1_6' title="bbox 152 782 1813 876; baseline 0.002 -28"><span class='ocrx_word' id='word_1_59' title='bbox 152 811 165 851; x_wconf 81' lang='grc' dir='ltr'>ε</span> <span class='ocrx_word' id='word_1_60' title='bbox 180 810 268 853; x_wconf 82' lang='grc' dir='ltr'>σοντες</span> <span class='ocrx_word' id='word_1_61' title='bbox 281 784 387 858; x_wconf 76' lang='grc' dir='ltr'>αὐτούς,</span> <span class='ocrx_word' id='word_1_62' title='bbox 407 786 547 845; x_wconf 72' lang='grc' dir='ltr'>ἐκαλοῦντο</span> <span class='ocrx_word' id='word_1_63' title='bbox 560 784 776 862; x_wconf 68' lang='grc' dir='ltr'>Ἐλληνοταμίακ</span> <span class='ocrx_word' id='word_1_64' title='bbox 789 825 820 835; x_wconf 95' lang='grc'><strong>-</strong></span> <span class='ocrx_word' id='word_1_65' title='bbox 834 785 868 844; x_wconf 84' lang='lat' dir='ltr'>‘fl</span> <span class='ocrx_word' id='word_1_66' title='bbox 881 782 959 865; x_wconf 81' lang='grc' dir='ltr'>φορά]</span> <span class='ocrx_word' id='word_1_67' title='bbox 1045 791 1077 850; x_wconf 86' lang='lat' dir='ltr'>C.</span> <span class='ocrx_word' id='word_1_68' title='bbox 1100 789 1259 871; x_wconf 73' lang='grc' dir='ltr'>Ἀμφότεροι]</span> <span class='ocrx_word' id='word_1_69' title='bbox 1272 792 1437 872; x_wconf 77' lang='grc' dir='ltr'>πεζομαχίαν</span> <span class='ocrx_word' id='word_1_70' title='bbox 1446 793 1492 853; x_wconf 80' lang='grc' dir='ltr'>καί</span> <span class='ocrx_word' id='word_1_71' title='bbox 1506 797 1672 876; x_wconf 82' lang='grc' dir='ltr'>ναυμαχίαν.</span> <span class='ocrx_word' id='word_1_72' title='bbox 1686 832 1729 845; x_wconf 91' lang='lat'>-</span> <span class='ocrx_word' id='word_1_73' title='bbox 1742 802 1813 862; x_wconf 64' lang='grc' dir='ltr'>Θωι</span> 
     </span>
     <span class='ocr_line' id='line_1_7' title="bbox 178 871 1793 970; baseline 0.008 -42"><span class='ocrx_word' id='word_1_74' title='bbox 178 882 195 950; x_wconf 69' lang='grc' dir='ltr'>ἡ</span> <span class='ocrx_word' id='word_1_75' title='bbox 210 875 288 941; x_wconf 83' lang='grc' dir='ltr'>δόσις.</span> <span class='ocrx_word' id='word_1_76' title='bbox 302 905 333 918; x_wconf 91' lang='grc'>-</span> <span class='ocrx_word' id='word_1_77' title='bbox 347 872 380 933; x_wconf 89' lang='grc' dir='ltr'>Ὀ</span> <span class='ocrx_word' id='word_1_78' title='bbox 393 876 496 953; x_wconf 83' lang='grc' dir='ltr'>πρῶτος</span> <span class='ocrx_word' id='word_1_79' title='bbox 507 873 584 955; x_wconf 75' lang='grc' dir='ltr'>φόρος</span> <span class='ocrx_word' id='word_1_80' title='bbox 597 873 713 952; x_wconf 89' lang='grc' dir='ltr'>ταχθείς]</span> <span class='ocrx_word' id='word_1_81' title='bbox 728 873 803 954; x_wconf 73' lang='grc' dir='ltr'>φόρος</span> <span class='ocrx_word' id='word_1_82' title='bbox 818 871 960 950; x_wconf 75' lang='grc' dir='ltr'>ὠνομάσθη</span> <span class='ocrx_word' id='word_1_83' title='bbox 1005 873 1087 953; x_wconf 88' lang='grc' dir='ltr'>σίους]</span> <span class='ocrx_word' id='word_1_84' title='bbox 1106 876 1195 943; x_wconf 90' lang='grc' dir='ltr'>Θάσος</span> <span class='ocrx_word' id='word_1_85' title='bbox 1215 881 1292 949; x_wconf 73' lang='grc' dir='ltr'>νῆσος</span> <span class='ocrx_word' id='word_1_86' title='bbox 1307 878 1426 962; x_wconf 89' lang='grc' dir='ltr'>άντικρυς</span> <span class='ocrx_word' id='word_1_87' title='bbox 1438 886 1486 953; x_wconf 82' lang='grc' dir='ltr'>τῆς</span> <span class='ocrx_word' id='word_1_88' title='bbox 1505 882 1634 964; x_wconf 73' lang='grc' dir='ltr'>Θρᾴκης·</span> <span class='ocrx_word' id='word_1_89' title='bbox 1654 887 1793 970; x_wconf 58' lang='lat' dir='ltr'>maipa&lt;</span> 
     </span>
     <span class='ocr_line' id='line_1_8' title="bbox 178 959 1793 1052; baseline 0.007 -28"><span class='ocrx_word' id='word_1_90' title='bbox 178 964 225 1025; x_wconf 83' lang='grc' dir='ltr'>καὶ</span> <span class='ocrx_word' id='word_1_91' title='bbox 247 962 345 1042; x_wconf 89' lang='grc' dir='ltr'>ἐτάχθη</span> <span class='ocrx_word' id='word_1_92' title='bbox 368 959 418 1019; x_wconf 82' lang='grc' dir='ltr'>θπδ</span> <span class='ocrx_word' id='word_1_93' title='bbox 434 961 460 1020; x_wconf 95' lang='grc' dir='ltr'>Ἀ</span> <span class='ocrx_word' id='word_1_94' title='bbox 481 961 590 1020; x_wconf 88' lang='grc' dir='ltr'>ιστείδου</span> <span class='ocrx_word' id='word_1_95' title='bbox 609 967 655 1021; x_wconf 91' lang='grc' dir='ltr'>τοῦ</span> <span class='ocrx_word' id='word_1_96' title='bbox 667 961 767 1019; x_wconf 85' lang='grc' dir='ltr'>δικαίου</span> <span class='ocrx_word' id='word_1_97' title='bbox 781 965 916 1040; x_wconf 84' lang='grc' dir='ltr'>δπρῶτος.</span> <span class='ocrx_word' id='word_1_98' title='bbox 931 995 961 1004; x_wconf 97' lang='grc'>-</span> <span class='ocrx_word' id='word_1_99' title='bbox 1004 962 1261 1042; x_wconf 79' lang='grc' dir='ltr'>τῆςνήσουμέταλλά</span> <span class='ocrx_word' id='word_1_100' title='bbox 1271 969 1440 1048; x_wconf 87' lang='grc' dir='ltr'>ἐστιχρυσοῦ.</span> <span class='ocrx_word' id='word_1_101' title='bbox 1452 1005 1483 1016; x_wconf 89' lang='grc'><strong>-</strong></span> <span class='ocrx_word' id='word_1_102' title='bbox 1493 990 1516 1032; x_wconf 78' lang='grc' dir='ltr'>ε.</span> <span class='ocrx_word' id='word_1_103' title='bbox 1527 973 1793 1052; x_wconf 81' lang='grc' dir='ltr'>Διενεχθίντας]διι·</span> 
     </span>
     <span class='ocr_line' id='line_1_9' title="bbox 178 984 1792 1142; baseline 0.003 -30"><span class='ocrx_word' id='word_1_104' title='bbox 178 1051 307 1132; x_wconf 82' lang='grc' dir='ltr'>Ταμιεῖόν</span> <span class='ocrx_word' id='word_1_105' title='bbox 319 1074 348 1109; x_wconf 93' lang='grc' dir='ltr'>τε</span> <span class='ocrx_word' id='word_1_106' title='bbox 361 1051 445 1121; x_wconf 81' lang='grc' dir='ltr'>Δῆλος</span> <span class='ocrx_word' id='word_1_107' title='bbox 463 984 505 1122; x_wconf 65' lang='grc' dir='ltr'>ἐν]</span> <span class='ocrx_word' id='word_1_108' title='bbox 518 1048 560 1108; x_wconf 85' lang='grc' dir='ltr'>ίνα</span> <span class='ocrx_word' id='word_1_109' title='bbox 574 1049 612 1128; x_wconf 80' lang='grc' dir='ltr'>μὴ</span> <span class='ocrx_word' id='word_1_110' title='bbox 627 1048 733 1118; x_wconf 78' lang='grc' dir='ltr'>δόξωσιν</span> <span class='ocrx_word' id='word_1_111' title='bbox 745 1053 769 1108; x_wconf 87' lang='grc' dir='ltr'>οί</span> <span class='ocrx_word' id='word_1_112' title='bbox 781 1049 911 1122; x_wconf 81' lang='grc' dir='ltr'>Ἀθηναῖοι</span> <span class='ocrx_word' id='word_1_113' title='bbox 926 1050 961 1115; x_wconf 82' lang='grc' dir='ltr'>εἰς</span> <span class='ocrx_word' id='word_1_114' title='bbox 1005 1049 1086 1131; x_wconf 79' lang='grc' dir='ltr'>φοράν</span> <span class='ocrx_word' id='word_1_115' title='bbox 1101 1051 1225 1130; x_wconf 84' lang='grc' dir='ltr'>σχόντας..</span> <span class='ocrx_word' id='word_1_116' title='bbox 1240 1089 1281 1099; x_wconf 91' lang='lat'><em>-</em></span> <span class='ocrx_word' id='word_1_117' title='bbox 1295 1055 1362 1134; x_wconf 76' lang='grc' dir='ltr'>Περὶ</span> <span class='ocrx_word' id='word_1_118' title='bbox 1376 1060 1471 1130; x_wconf 83' lang='grc' dir='ltr'>τῶν...]</span> <span class='ocrx_word' id='word_1_119' title='bbox 1486 1057 1576 1137; x_wconf 76' lang='grc' dir='ltr'>ἔλεγον</span> <span class='ocrx_word' id='word_1_120' title='bbox 1599 1041 1653 1142; x_wconf 66' lang='grc' dir='ltr'>γάρ</span> <span class='ocrx_word' id='word_1_121' title='bbox 1669 1065 1792 1131; x_wconf 75' lang='grc' dir='ltr'>αὐτοῖςσί</span> 
     </span>
     <span class='ocr_line' id='line_1_10' title="bbox 177 1134 1792 1226; baseline 0.004 -24"><span class='ocrx_word' id='word_1_122' title='bbox 177 1143 244 1203; x_wconf 88' lang='grc' dir='ltr'>ίδιον</span> <span class='ocrx_word' id='word_1_123' title='bbox 264 1139 354 1220; x_wconf 88' lang='grc' dir='ltr'>κέρδος</span> <span class='ocrx_word' id='word_1_124' title='bbox 366 1136 444 1216; x_wconf 85' lang='grc' dir='ltr'>ἔχειν.</span> <span class='ocrx_word' id='word_1_125' title='bbox 460 1174 491 1187; x_wconf 90' lang='grc'>-</span> <span class='ocrx_word' id='word_1_126' title='bbox 512 1141 607 1211; x_wconf 72' lang='grc' dir='ltr'>Δῆλος]</span> <span class='ocrx_word' id='word_1_127' title='bbox 624 1143 700 1210; x_wconf 76' lang='grc' dir='ltr'>νῆσος</span> <span class='ocrx_word' id='word_1_128' title='bbox 716 1137 764 1215; x_wconf 92' lang='grc' dir='ltr'>μία</span> <span class='ocrx_word' id='word_1_129' title='bbox 780 1141 831 1196; x_wconf 84' lang='grc' dir='ltr'>τῶν</span> <span class='ocrx_word' id='word_1_130' title='bbox 852 1134 960 1197; x_wconf 83' lang='grc' dir='ltr'>Κυκλά·</span> <span class='ocrx_word' id='word_1_131' title='bbox 1005 1137 1134 1208; x_wconf 84' lang='grc' dir='ltr'>Ἀθηναῖοι</span> <span class='ocrx_word' id='word_1_132' title='bbox 1145 1146 1342 1221; x_wconf 80' lang='grc' dir='ltr'>παραχωρῆσαι</span> <span class='ocrx_word' id='word_1_133' title='bbox 1355 1146 1407 1201; x_wconf 86' lang='grc' dir='ltr'>τῶν</span> <span class='ocrx_word' id='word_1_134' title='bbox 1421 1144 1554 1226; x_wconf 90' lang='grc' dir='ltr'>ἐμπορίων</span> <span class='ocrx_word' id='word_1_135' title='bbox 1566 1147 1615 1206; x_wconf 82' lang='grc' dir='ltr'>καλ</span> <span class='ocrx_word' id='word_1_136' title='bbox 1628 1153 1685 1208; x_wconf 83' lang='grc' dir='ltr'>τῶν</span> <span class='ocrx_word' id='word_1_137' title='bbox 1697 1152 1792 1226; x_wconf 86' lang='grc' dir='ltr'>μετάλ-</span> 
     </span>
    </p>

    <p class='ocr_par' dir='ltr' id='par_1_4' title="bbox 141 1225 1822 1316">
     <span class='ocr_line' id='line_1_11' title="bbox 141 1225 1822 1316; baseline 0.004 -27"><span class='ocrx_word' id='word_1_138' title='bbox 141 1254 166 1293; x_wconf 83' lang='grc' dir='ltr'>ιο</span> <span class='ocrx_word' id='word_1_139' title='bbox 180 1232 240 1291; x_wconf 86' lang='grc' dir='ltr'>διον.</span> <span class='ocrx_word' id='word_1_140' title='bbox 252 1268 283 1281; x_wconf 91' lang='grc'>-</span> <span class='ocrx_word' id='word_1_141' title='bbox 293 1226 414 1297; x_wconf 84' lang='grc' dir='ltr'>Ξύνοδοι]</span> <span class='ocrx_word' id='word_1_142' title='bbox 427 1225 596 1292; x_wconf 90' lang='grc' dir='ltr'>συνελεύσεις.</span> <span class='ocrx_word' id='word_1_143' title='bbox 1005 1225 1067 1297; x_wconf 91' lang='grc' dir='ltr'>λων,</span> <span class='ocrx_word' id='word_1_144' title='bbox 1080 1225 1126 1283; x_wconf 81' lang='grc' dir='ltr'>καί</span> <span class='ocrx_word' id='word_1_145' title='bbox 1139 1228 1185 1284; x_wconf 85' lang='grc' dir='ltr'>οὐκ</span> <span class='ocrx_word' id='word_1_146' title='bbox 1199 1227 1352 1298; x_wconf 81' lang='grc' dir='ltr'>ἠῦούλοντο.</span> <span class='ocrx_word' id='word_1_147' title='bbox 1366 1265 1407 1276; x_wconf 90' lang='grc'>-</span> <span class='ocrx_word' id='word_1_148' title='bbox 1422 1231 1580 1314; x_wconf 87' lang='grc' dir='ltr'>Ἀντιπέρας]</span> <span class='ocrx_word' id='word_1_149' title='bbox 1596 1236 1790 1316; x_wconf 76' lang='grc' dir='ltr'>παροξυτόνως·</span> <span class='ocrx_word' id='word_1_150' title='bbox 1803 1249 1822 1288; x_wconf 79' lang='lat'>¹⁰</span> 
     </span>
    </p>

    <p class='ocr_par' dir='ltr' id='par_1_5' title="bbox 179 1310 1793 1663">
     <span class='ocr_line' id='line_1_12' title="bbox 219 1310 1793 1398; baseline 0 -22"><span class='ocrx_word' id='word_1_151' title='bbox 219 1320 338 1381; x_wconf 83' lang='lat' dir='ltr'><strong>XCVll.</strong></span> <span class='ocrx_word' id='word_1_152' title='bbox 363 1313 524 1391; x_wconf 84' lang='grc' dir='ltr'>Δθτονόμων</span> <span class='ocrx_word' id='word_1_153' title='bbox 545 1314 575 1373; x_wconf 86' lang='grc' dir='ltr'>τὸ</span> <span class='ocrx_word' id='word_1_154' title='bbox 593 1317 706 1396; x_wconf 82' lang='grc' dir='ltr'>πρῶτον]</span> <span class='ocrx_word' id='word_1_155' title='bbox 726 1313 834 1395; x_wconf 86' lang='grc' dir='ltr'>θστερον</span> <span class='ocrx_word' id='word_1_156' title='bbox 857 1312 908 1394; x_wconf 77' lang='grc' dir='ltr'>γάρ</span> <span class='ocrx_word' id='word_1_157' title='bbox 927 1317 962 1380; x_wconf 85' lang='grc' dir='ltr'>ὡς</span> <span class='ocrx_word' id='word_1_158' title='bbox 1005 1310 1087 1389; x_wconf 78' lang='grc' dir='ltr'>ὄνομα</span> <span class='ocrx_word' id='word_1_159' title='bbox 1100 1312 1150 1393; x_wconf 89' lang='grc' dir='ltr'>γάρ</span> <span class='ocrx_word' id='word_1_160' title='bbox 1162 1316 1219 1373; x_wconf 83' lang='grc' dir='ltr'>ἐστι</span> <span class='ocrx_word' id='word_1_161' title='bbox 1233 1317 1344 1387; x_wconf 89' lang='grc' dir='ltr'>θηλυκὸν</span> <span class='ocrx_word' id='word_1_162' title='bbox 1354 1324 1457 1398; x_wconf 77' lang='grc' dir='ltr'>γενικῆς</span> <span class='ocrx_word' id='word_1_163' title='bbox 1469 1319 1595 1390; x_wconf 73' lang='grc' dir='ltr'>πτώσσεις</span> <span class='ocrx_word' id='word_1_164' title='bbox 1606 1323 1742 1386; x_wconf 70' lang='grc' dir='ltr'>σύνθετον,</span> <span class='ocrx_word' id='word_1_165' title='bbox 1755 1361 1793 1376; x_wconf 79' lang='grc'>.-</span> 
     </span>
     <span class='ocr_line' id='line_1_13' title="bbox 180 1397 1791 1488; baseline 0.002 -19"><span class='ocrx_word' id='word_1_166' title='bbox 180 1407 279 1469; x_wconf 86' lang='grc' dir='ltr'>δούλοιν</span> <span class='ocrx_word' id='word_1_167' title='bbox 299 1399 390 1487; x_wconf 68' lang='grc' dir='ltr'>ἦρχον.</span> <span class='ocrx_word' id='word_1_168' title='bbox 404 1442 436 1455; x_wconf 88' lang='lat'>-</span> <span class='ocrx_word' id='word_1_169' title='bbox 447 1402 510 1462; x_wconf 89' lang='grc' dir='ltr'>Ἀπδ</span> <span class='ocrx_word' id='word_1_170' title='bbox 531 1406 624 1484; x_wconf 82' lang='grc' dir='ltr'>κοινῶν</span> <span class='ocrx_word' id='word_1_171' title='bbox 644 1402 770 1474; x_wconf 78' lang='grc' dir='ltr'>ξυνόδων]</span> <span class='ocrx_word' id='word_1_172' title='bbox 793 1403 888 1469; x_wconf 89' lang='grc' dir='ltr'>πάντες</span> <span class='ocrx_word' id='word_1_173' title='bbox 910 1399 961 1482; x_wconf 87' lang='grc' dir='ltr'>γδιρ</span> <span class='ocrx_word' id='word_1_174' title='bbox 1005 1397 1036 1458; x_wconf 72' lang='grc' dir='ltr'>*Δ</span> <span class='ocrx_word' id='word_1_175' title='bbox 1049 1397 1184 1484; x_wconf 84' lang='grc' dir='ltr'>ἐνέμοντο]</span> <span class='ocrx_word' id='word_1_176' title='bbox 1205 1403 1352 1480; x_wconf 84' lang='grc' dir='ltr'>σημείωσαι</span> <span class='ocrx_word' id='word_1_177' title='bbox 1367 1406 1428 1488; x_wconf 77' lang='grc' dir='ltr'>περ]</span> <span class='ocrx_word' id='word_1_178' title='bbox 1446 1410 1498 1466; x_wconf 82' lang='grc' dir='ltr'>τῶν</span> <span class='ocrx_word' id='word_1_179' title='bbox 1519 1408 1669 1486; x_wconf 81' lang='grc' dir='ltr'>μετάλλων,</span> <span class='ocrx_word' id='word_1_180' title='bbox 1688 1411 1731 1471; x_wconf 81' lang='grc' dir='ltr'>ότι</span> <span class='ocrx_word' id='word_1_181' title='bbox 1749 1415 1791 1476; x_wconf 84' lang='grc' dir='ltr'>καί</span> 
     </span>
     <span class='ocr_line' id='line_1_14' title="bbox 179 1487 1791 1582; baseline 0.002 -27"><span class='ocrx_word' id='word_1_182' title='bbox 179 1499 271 1563; x_wconf 83' lang='grc' dir='ltr'>κοινῶς</span> <span class='ocrx_word' id='word_1_183' title='bbox 286 1494 480 1576; x_wconf 71' lang='grc' dir='ltr'>συνηθροίζοντο</span> <span class='ocrx_word' id='word_1_184' title='bbox 494 1495 520 1551; x_wconf 88' lang='grc' dir='ltr'>έν</span> <span class='ocrx_word' id='word_1_185' title='bbox 532 1499 590 1558; x_wconf 87' lang='grc' dir='ltr'>ταῖς</span> <span class='ocrx_word' id='word_1_186' title='bbox 602 1492 752 1570; x_wconf 77' lang='grc' dir='ltr'>βουλαῖς-</span> <span class='ocrx_word' id='word_1_187' title='bbox 764 1488 868 1550; x_wconf 80' lang='grc' dir='ltr'>Τοσάδε</span> <span class='ocrx_word' id='word_1_188' title='bbox 880 1490 963 1560; x_wconf 80' lang='grc' dir='ltr'>ἐπῆλ-</span> <span class='ocrx_word' id='word_1_189' title='bbox 1005 1487 1169 1560; x_wconf 88' lang='grc' dir='ltr'>Θουκυδίδης</span> <span class='ocrx_word' id='word_1_190' title='bbox 1182 1492 1209 1548; x_wconf 92' lang='grc' dir='ltr'>ἐν</span> <span class='ocrx_word' id='word_1_191' title='bbox 1220 1490 1305 1572; x_wconf 83' lang='grc' dir='ltr'>Θάσῳ</span> <span class='ocrx_word' id='word_1_192' title='bbox 1316 1499 1400 1552; x_wconf 88' lang='grc' dir='ltr'>ταῦτα</span> <span class='ocrx_word' id='word_1_193' title='bbox 1412 1493 1564 1572; x_wconf 84' lang='grc' dir='ltr'>γιγνώσκει,</span> <span class='ocrx_word' id='word_1_194' title='bbox 1578 1496 1651 1568; x_wconf 80' lang='grc' dir='ltr'>πλὴν</span> <span class='ocrx_word' id='word_1_195' title='bbox 1664 1497 1708 1558; x_wconf 85' lang='grc' dir='ltr'>ότι</span> <span class='ocrx_word' id='word_1_196' title='bbox 1722 1501 1791 1582; x_wconf 73' lang='grc' dir='ltr'>ἐντ’]</span> 
     </span>
     <span class='ocr_line' id='line_1_15' title="bbox 179 1575 1791 1663; baseline -0.006 -20"><span class='ocrx_word' id='word_1_197' title='bbox 179 1589 234 1656; x_wconf 90' lang='grc' dir='ltr'>θον]</span> <span class='ocrx_word' id='word_1_198' title='bbox 249 1589 365 1642; x_wconf 90' lang='grc' dir='ltr'>τοσαῦτα</span> <span class='ocrx_word' id='word_1_199' title='bbox 379 1581 564 1663; x_wconf 78' lang='grc' dir='ltr'>διεπράξαντο,</span> <span class='ocrx_word' id='word_1_200' title='bbox 578 1579 627 1638; x_wconf 85' lang='grc' dir='ltr'>δσα</span> <span class='ocrx_word' id='word_1_201' title='bbox 640 1578 736 1637; x_wconf 82' lang='grc' dir='ltr'>κατιὼν</span> <span class='ocrx_word' id='word_1_202' title='bbox 750 1580 803 1659; x_wconf 85' lang='grc' dir='ltr'>ἐρεῖ</span> <span class='ocrx_word' id='word_1_203' title='bbox 818 1580 843 1636; x_wconf 90' lang='grc' dir='ltr'>ἐν</span> <span class='ocrx_word' id='word_1_204' title='bbox 856 1581 961 1657; x_wconf 77' lang='grc' dir='ltr'>τῇπεν-</span> <span class='ocrx_word' id='word_1_205' title='bbox 1006 1575 1145 1656; x_wconf 78' lang='grc' dir='ltr'>ἀντιπέρας</span> <span class='ocrx_word' id='word_1_206' title='bbox 1160 1577 1244 1656; x_wconf 87' lang='grc' dir='ltr'>λέγει·</span> <span class='ocrx_word' id='word_1_207' title='bbox 1257 1584 1342 1638; x_wconf 91' lang='grc' dir='ltr'>ταῦτα</span> <span class='ocrx_word' id='word_1_208' title='bbox 1358 1582 1382 1640; x_wconf 88' lang='grc' dir='ltr'>οί</span> <span class='ocrx_word' id='word_1_209' title='bbox 1395 1580 1492 1642; x_wconf 89' lang='grc' dir='ltr'>Θάσιοι</span> <span class='ocrx_word' id='word_1_210' title='bbox 1506 1581 1640 1662; x_wconf 84' lang='grc' dir='ltr'>ἐνέμοντο.</span> <span class='ocrx_word' id='word_1_211' title='bbox 1655 1622 1699 1632; x_wconf 89' lang='grc'>-</span> <span class='ocrx_word' id='word_1_212' title='bbox 1716 1587 1791 1648; x_wconf 60' lang='grc' dir='ltr'>Ἀπί.</span> 
     </span>
    </p>

    <p class='ocr_par' dir='ltr' id='par_1_6' title="bbox 141 1661 1820 2105">
     <span class='ocr_line' id='line_1_16' title="bbox 141 1661 1820 1757; baseline 0.002 -25"><span class='ocrx_word' id='word_1_213' title='bbox 141 1693 166 1732; x_wconf 81' lang='grc' dir='ltr'>ιε</span> <span class='ocrx_word' id='word_1_214' title='bbox 180 1671 359 1753; x_wconf 75' lang='grc' dir='ltr'>τηκονταετία.</span> <span class='ocrx_word' id='word_1_215' title='bbox 373 1710 405 1722; x_wconf 89' lang='grc'>-</span> <span class='ocrx_word' id='word_1_216' title='bbox 415 1669 470 1733; x_wconf 72' lang='grc' dir='ltr'>Καὶ</span> <span class='ocrx_word' id='word_1_217' title='bbox 483 1667 646 1749; x_wconf 88' lang='grc' dir='ltr'>διαχειρίσει]</span> <span class='ocrx_word' id='word_1_218' title='bbox 664 1667 799 1739; x_wconf 79' lang='grc' dir='ltr'>διοικήσει.</span> <span class='ocrx_word' id='word_1_219' title='bbox 811 1703 843 1717; x_wconf 86' lang='lat'>·-</span> <span class='ocrx_word' id='word_1_220' title='bbox 854 1663 961 1733; x_wconf 75' lang='grc' dir='ltr'>Μεταξὺ</span> <span class='ocrx_word' id='word_1_221' title='bbox 1006 1661 1102 1741; x_wconf 74' lang='grc' dir='ltr'>θησαν]</span> <span class='ocrx_word' id='word_1_222' title='bbox 1116 1669 1231 1747; x_wconf 82' lang='grc' dir='ltr'>ναυτικῷ</span> <span class='ocrx_word' id='word_1_223' title='bbox 1243 1665 1360 1738; x_wconf 92' lang='grc' dir='ltr'>δηλονότι</span> <span class='ocrx_word' id='word_1_224' title='bbox 1374 1673 1488 1751; x_wconf 82' lang='grc' dir='ltr'>στρατῷ.</span> <span class='ocrx_word' id='word_1_225' title='bbox 1497 1705 1534 1715; x_wconf 90' lang='grc'><strong>-</strong></span> <span class='ocrx_word' id='word_1_226' title='bbox 1547 1691 1569 1732; x_wconf 80' lang='lat'>³.</span> <span class='ocrx_word' id='word_1_227' title='bbox 1583 1670 1649 1732; x_wconf 80' lang='grc' dir='ltr'>Ἐπί</span> <span class='ocrx_word' id='word_1_228' title='bbox 1663 1673 1693 1732; x_wconf 84' lang='grc' dir='ltr'>δέ</span> <span class='ocrx_word' id='word_1_229' title='bbox 1707 1677 1789 1757; x_wconf 84' lang='grc' dir='ltr'>Στρυ-</span> <span class='ocrx_word' id='word_1_230' title='bbox 1801 1683 1820 1722; x_wconf 75' lang='lat'>¹⁵</span> 
     </span>
     <span class='ocr_line' id='line_1_17' title="bbox 178 1748 1790 1838; baseline 0.002 -19"><span class='ocrx_word' id='word_1_231' title='bbox 178 1762 255 1820; x_wconf 91' lang='grc' dir='ltr'>τοῦδε</span> <span class='ocrx_word' id='word_1_232' title='bbox 263 1766 308 1820; x_wconf 88' lang='grc' dir='ltr'>τοῦ</span> <span class='ocrx_word' id='word_1_233' title='bbox 319 1759 434 1838; x_wconf 86' lang='grc' dir='ltr'>πολέμου</span> <span class='ocrx_word' id='word_1_234' title='bbox 445 1756 490 1817; x_wconf 79' lang='grc' dir='ltr'>καὶ</span> <span class='ocrx_word' id='word_1_235' title='bbox 501 1762 546 1814; x_wconf 90' lang='grc' dir='ltr'>τοῦ</span> <span class='ocrx_word' id='word_1_236' title='bbox 558 1756 644 1827; x_wconf 81' lang='grc' dir='ltr'>Μηδ]</span> <span class='ocrx_word' id='word_1_237' title='bbox 655 1758 681 1814; x_wconf 87' lang='grc' dir='ltr'>ἐν</span> <span class='ocrx_word' id='word_1_238' title='bbox 693 1760 726 1836; x_wconf 82' lang='grc' dir='ltr'>τῇ</span> <span class='ocrx_word' id='word_1_239' title='bbox 736 1776 961 1826; x_wconf 81' lang='grc' dir='ltr'>πεντηκονταετη·</span> <span class='ocrx_word' id='word_1_240' title='bbox 1006 1748 1086 1828; x_wconf 79' lang='grc' dir='ltr'>μόνα]</span> <span class='ocrx_word' id='word_1_241' title='bbox 1100 1752 1220 1828; x_wconf 70' lang='grc' dir='ltr'>ποταμὸς</span> <span class='ocrx_word' id='word_1_242' title='bbox 1238 1753 1425 1835; x_wconf 66' lang='grc' dir='ltr'>Ἀμφιπόλεως.</span> <span class='ocrx_word' id='word_1_243' title='bbox 1442 1756 1513 1834; x_wconf 77' lang='grc' dir='ltr'>λέγει</span> <span class='ocrx_word' id='word_1_244' title='bbox 1530 1756 1557 1816; x_wconf 76' lang='grc' dir='ltr'>δέ</span> <span class='ocrx_word' id='word_1_245' title='bbox 1575 1764 1622 1817; x_wconf 74' lang='grc' dir='ltr'>νῦν</span> <span class='ocrx_word' id='word_1_246' title='bbox 1643 1761 1729 1833; x_wconf 71' lang='grc' dir='ltr'>αὐτὴν</span> <span class='ocrx_word' id='word_1_247' title='bbox 1747 1762 1790 1835; x_wconf 68' lang='grc' dir='ltr'>τὴν</span> 
     </span>
     <span class='ocr_line' id='line_1_18' title="bbox 181 1835 1787 1930; baseline 0.009 -35"><span class='ocrx_word' id='word_1_248' title='bbox 181 1849 239 1930; x_wconf 69' lang='grc' dir='ltr'>ρίδς,</span> <span class='ocrx_word' id='word_1_249' title='bbox 262 1888 292 1901; x_wconf 87' lang='grc'>..</span> <span class='ocrx_word' id='word_1_250' title='bbox 312 1850 417 1920; x_wconf 66' lang='grc' dir='ltr'>Λῡτοῑς]</span> <span class='ocrx_word' id='word_1_251' title='bbox 438 1847 491 1914; x_wconf 73' lang='grc' dir='ltr'>τοῖς</span> <span class='ocrx_word' id='word_1_252' title='bbox 517 1843 669 1916; x_wconf 82' lang='grc' dir='ltr'>Ἀθηναίοις.</span> <span class='ocrx_word' id='word_1_253' title='bbox 697 1881 729 1894; x_wconf 93' lang='grc'>-</span> <span class='ocrx_word' id='word_1_254' title='bbox 743 1841 960 1923; x_wconf 83' lang='grc' dir='ltr'>Νεωτερίζοντας]</span> <span class='ocrx_word' id='word_1_255' title='bbox 1005 1835 1091 1896; x_wconf 90' lang='grc' dir='ltr'>πόλιν.</span> <span class='ocrx_word' id='word_1_256' title='bbox 1106 1838 1208 1908; x_wconf 86' lang='grc' dir='ltr'>-Ὦς</span> <span class='ocrx_word' id='word_1_257' title='bbox 1222 1843 1581 1922; x_wconf 79' lang='grc' dir='ltr'>οἶκειοῦντες]οίκειούμενοι,</span> <span class='ocrx_word' id='word_1_258' title='bbox 1595 1849 1787 1917; x_wconf 83' lang='grc' dir='ltr'>ίδιοποιοῦντες.</span> 
     </span>
     <span class='ocr_line' id='line_1_19' title="bbox 180 1923 1791 2019; baseline 0.008 -36"><span class='ocrx_word' id='word_1_259' title='bbox 180 1935 380 2017; x_wconf 59' lang='grc' dir='ltr'>ἀφισταμένους,</span> <span class='ocrx_word' id='word_1_260' title='bbox 399 1973 431 1986; x_wconf 89' lang='grc'>..</span> <span class='ocrx_word' id='word_1_261' title='bbox 447 1930 705 2014; x_wconf 84' lang='grc' dir='ltr'>Προςτυγχάνοντας]</span> <span class='ocrx_word' id='word_1_262' title='bbox 721 1928 915 2008; x_wconf 77' lang='grc' dir='ltr'>ἐμποδίζοντας.</span> <span class='ocrx_word' id='word_1_263' title='bbox 931 1965 962 1978; x_wconf 91' lang='grc'>-</span> <span class='ocrx_word' id='word_1_264' title='bbox 1005 1964 1045 1976; x_wconf 91' lang='lat'>-</span> <span class='ocrx_word' id='word_1_265' title='bbox 1057 1923 1226 2007; x_wconf 77' lang='grc' dir='ltr'>Ἀμφίπολιν]</span> <span class='ocrx_word' id='word_1_266' title='bbox 1236 1927 1390 2009; x_wconf 78' lang='grc' dir='ltr'>Ἀμφίπολις</span> <span class='ocrx_word' id='word_1_267' title='bbox 1402 1930 1502 2013; x_wconf 90' lang='grc' dir='ltr'>είρηται</span> <span class='ocrx_word' id='word_1_268' title='bbox 1515 1931 1558 1991; x_wconf 83' lang='grc' dir='ltr'>δεδι</span> <span class='ocrx_word' id='word_1_269' title='bbox 1567 1933 1598 1992; x_wconf 82' lang='grc' dir='ltr'>τὸ</span> <span class='ocrx_word' id='word_1_270' title='bbox 1609 1936 1791 2019; x_wconf 76' lang='grc' dir='ltr'>περιρρίεοθαι</span> 
     </span>
     <span class='ocr_line' id='line_1_20' title="bbox 180 2010 1355 2105; baseline 0.011 -21"><span class='ocrx_word' id='word_1_271' title='bbox 180 2016 961 2105; x_wconf 62' lang='grc' dir='ltr'>’πιαιπωπολένωῆκυιίωθκείνω-λ’θπαία]</span> <span class='ocrx_word' id='word_1_272' title='bbox 1006 2010 1089 2082; x_wconf 63' lang='grc' dir='ltr'>αῡθ·</span> <span class='ocrx_word' id='word_1_273' title='bbox 1103 2013 1154 2072; x_wconf 67' lang='grc' dir='ltr'>ὑπ’·</span> <span class='ocrx_word' id='word_1_274' title='bbox 1167 2020 1212 2073; x_wconf 66' lang='grc' dir='ltr'>τοῦ</span> <span class='ocrx_word' id='word_1_275' title='bbox 1226 2022 1355 2093; x_wconf 66' lang='grc' dir='ltr'>ποταμοῦ·</span> 
     </span>
    </p>

    <p class='ocr_par' dir='ltr' id='par_1_7' title="bbox 139 2100 1819 2543">
     <span class='ocr_line' id='line_1_21' title="bbox 139 2100 1819 2191; baseline -0.002 -22"><span class='ocrx_word' id='word_1_276' title='bbox 139 2128 167 2170; x_wconf 68' lang='grc' dir='ltr'>ευ</span> <span class='ocrx_word' id='word_1_277' title='bbox 180 2113 228 2191; x_wconf 67' lang='grc' dir='ltr'>οὔχ</span> <span class='ocrx_word' id='word_1_278' title='bbox 241 2111 282 2170; x_wconf 81' lang='grc' dir='ltr'>ὅτι</span> <span class='ocrx_word' id='word_1_279' title='bbox 294 2110 345 2183; x_wconf 72' lang='grc' dir='ltr'>ἤδη</span> <span class='ocrx_word' id='word_1_280' title='bbox 360 2111 482 2191; x_wconf 77' lang='grc' dir='ltr'>ἔγραψεν,</span> <span class='ocrx_word' id='word_1_281' title='bbox 495 2107 553 2166; x_wconf 90' lang='grc' dir='ltr'>ἀλλ’</span> <span class='ocrx_word' id='word_1_282' title='bbox 568 2104 608 2164; x_wconf 86' lang='grc' dir='ltr'>ότι</span> <span class='ocrx_word' id='word_1_283' title='bbox 623 2103 865 2187; x_wconf 85' lang='grc' dir='ltr'>όμωςγίγραπται,</span> <span class='ocrx_word' id='word_1_284' title='bbox 879 2106 901 2162; x_wconf 82' lang='grc' dir='ltr'>εἰ</span> <span class='ocrx_word' id='word_1_285' title='bbox 916 2102 962 2163; x_wconf 81' lang='grc' dir='ltr'>καί</span> <span class='ocrx_word' id='word_1_286' title='bbox 1047 2101 1093 2160; x_wconf 87' lang='lat' dir='ltr'>CI.</span> <span class='ocrx_word' id='word_1_287' title='bbox 1115 2100 1211 2160; x_wconf 86' lang='grc' dir='ltr'>Θάσιοι</span> <span class='ocrx_word' id='word_1_288' title='bbox 1223 2100 1251 2160; x_wconf 88' lang='grc' dir='ltr'>δέ</span> <span class='ocrx_word' id='word_1_289' title='bbox 1264 2104 1420 2182; x_wconf 78' lang='grc' dir='ltr'>νικηθέντες]</span> <span class='ocrx_word' id='word_1_290' title='bbox 1429 2104 1509 2164; x_wconf 87' lang='grc' dir='ltr'>πάλιν</span> <span class='ocrx_word' id='word_1_291' title='bbox 1522 2104 1557 2164; x_wconf 79' lang='grc' dir='ltr'>τά</span> <span class='ocrx_word' id='word_1_292' title='bbox 1570 2106 1643 2166; x_wconf 86' lang='grc' dir='ltr'>κατά</span> <span class='ocrx_word' id='word_1_293' title='bbox 1656 2108 1718 2177; x_wconf 72' lang='grc' dir='ltr'>τοὺς</span> <span class='ocrx_word' id='word_1_294' title='bbox 1730 2109 1819 2191; x_wconf 69' lang='grc' dir='ltr'>χρό-νθ</span> 
     </span>
     <span class='ocr_line' id='line_1_22' title="bbox 180 2188 1790 2279; baseline 0.024 -62"><span class='ocrx_word' id='word_1_295' title='bbox 180 2198 261 2276; x_wconf 56' lang='grc' dir='ltr'>μήπω</span> <span class='ocrx_word' id='word_1_296' title='bbox 279 2198 391 2279; x_wconf 43' lang='grc' dir='ltr'>εἴρηται.</span> <span class='ocrx_word' id='word_1_297' title='bbox 405 2237 438 2250; x_wconf 60' lang='grc'>-</span> <span class='ocrx_word' id='word_1_298' title='bbox 449 2194 587 2275; x_wconf 55' lang='grc' dir='ltr'>Ἔγραψα]</span> <span class='ocrx_word' id='word_1_299' title='bbox 612 2191 690 2274; x_wconf 60' lang='grc' dir='ltr'>μέχρ,</span> <span class='ocrx_word' id='word_1_300' title='bbox 710 2191 803 2252; x_wconf 58' lang='grc' dir='ltr'>τούτου</span> <span class='ocrx_word' id='word_1_301' title='bbox 822 2197 839 2264; x_wconf 66' lang='grc' dir='ltr'>ἡ</span> <span class='ocrx_word' id='word_1_302' title='bbox 859 2214 962 2272; x_wconf 68' lang='grc' dir='ltr'>παρεχ.</span> <span class='ocrx_word' id='word_1_303' title='bbox 1005 2208 1064 2253; x_wconf 89' lang='grc' dir='ltr'>νους</span> <span class='ocrx_word' id='word_1_304' title='bbox 1072 2188 1229 2262; x_wconf 81' lang='grc' dir='ltr'>ἀκολουθῶν,</span> <span class='ocrx_word' id='word_1_305' title='bbox 1239 2190 1338 2267; x_wconf 80' lang='grc' dir='ltr'>μετέόη</span> <span class='ocrx_word' id='word_1_306' title='bbox 1346 2191 1389 2250; x_wconf 85' lang='grc' dir='ltr'>ἐπί</span> <span class='ocrx_word' id='word_1_307' title='bbox 1396 2191 1455 2258; x_wconf 77' lang='grc' dir='ltr'>τοὺς</span> <span class='ocrx_word' id='word_1_308' title='bbox 1464 2192 1591 2267; x_wconf 88' lang='grc' dir='ltr'>Θασίους,</span> <span class='ocrx_word' id='word_1_309' title='bbox 1603 2195 1704 2270; x_wconf 77' lang='grc' dir='ltr'>μεταξὺ</span> <span class='ocrx_word' id='word_1_310' title='bbox 1715 2196 1790 2266; x_wconf 86' lang='grc' dir='ltr'>τάξας</span> 
     </span>
     <span class='ocr_line' id='line_1_23' title="bbox 179 2271 1789 2365; baseline 0.003 -26"><span class='ocrx_word' id='word_1_311' title='bbox 179 2285 246 2359; x_wconf 74' lang='grc' dir='ltr'>ὅολὴ</span> <span class='ocrx_word' id='word_1_312' title='bbox 260 2293 307 2359; x_wconf 80' lang='grc' dir='ltr'>τῆς</span> <span class='ocrx_word' id='word_1_313' title='bbox 320 2285 464 2365; x_wconf 71' lang='grc' dir='ltr'>διηγήσεως</span> <span class='ocrx_word' id='word_1_314' title='bbox 480 2287 531 2342; x_wconf 83' lang='grc' dir='ltr'>τῶν</span> <span class='ocrx_word' id='word_1_315' title='bbox 549 2279 781 2362; x_wconf 72' lang='grc' dir='ltr'>προϋπαρξάντων.</span> <span class='ocrx_word' id='word_1_316' title='bbox 798 2315 829 2325; x_wconf 92' lang='grc'>-</span> <span class='ocrx_word' id='word_1_317' title='bbox 845 2278 904 2351; x_wconf 80' lang='grc' dir='ltr'>Τὴν</span> <span class='ocrx_word' id='word_1_318' title='bbox 919 2282 963 2338; x_wconf 86' lang='grc' dir='ltr'>ἐκ-</span> <span class='ocrx_word' id='word_1_319' title='bbox 1007 2271 1789 2364; x_wconf 49' lang='lat' dir='ltr'>wemmam.—&#39;Euapu&#39;mvhe&#39;oeqapQuonim.</span> 
     </span>
     <span class='ocr_line' id='line_1_24' title="bbox 179 2359 1788 2453; baseline 0.004 -19"><span class='ocrx_word' id='word_1_320' title='bbox 179 2374 271 2448; x_wconf 78' lang='grc' dir='ltr'>ὅολιίν]</span> <span class='ocrx_word' id='word_1_321' title='bbox 286 2373 334 2447; x_wconf 76' lang='grc' dir='ltr'>τλν</span> <span class='ocrx_word' id='word_1_322' title='bbox 346 2371 485 2453; x_wconf 70' lang='grc' dir='ltr'>ἐκτροπὴν,</span> <span class='ocrx_word' id='word_1_323' title='bbox 502 2369 551 2442; x_wconf 78' lang='grc' dir='ltr'>τλν</span> <span class='ocrx_word' id='word_1_324' title='bbox 562 2367 715 2450; x_wconf 81' lang='grc' dir='ltr'>παράόασιν</span> <span class='ocrx_word' id='word_1_325' title='bbox 727 2367 745 2440; x_wconf 77' lang='grc' dir='ltr'><strong>ἢ</strong></span> <span class='ocrx_word' id='word_1_326' title='bbox 757 2367 912 2447; x_wconf 80' lang='grc' dir='ltr'>μετάόασιν.</span> <span class='ocrx_word' id='word_1_327' title='bbox 932 2407 964 2418; x_wconf 94' lang='grc'><strong>-</strong></span> <span class='ocrx_word' id='word_1_328' title='bbox 1006 2392 1047 2404; x_wconf 90' lang='lat'>···</span> <span class='ocrx_word' id='word_1_329' title='bbox 1060 2379 1083 2420; x_wconf 81' lang='lat'>²·</span> <span class='ocrx_word' id='word_1_330' title='bbox 1098 2363 1134 2422; x_wconf 75' lang='grc' dir='ltr'>0ί</span> <span class='ocrx_word' id='word_1_331' title='bbox 1150 2359 1276 2444; x_wconf 67' lang='grc' dir='ltr'>Εἵλωτες]</span> <span class='ocrx_word' id='word_1_332' title='bbox 1290 2361 1374 2433; x_wconf 63' lang='lat' dir='ltr'>&#39;Hoc</span> <span class='ocrx_word' id='word_1_333' title='bbox 1387 2366 1462 2433; x_wconf 66' lang='grc' dir='ltr'>πόλις</span> <span class='ocrx_word' id='word_1_334' title='bbox 1474 2372 1521 2439; x_wconf 66' lang='grc' dir='ltr'>τῆς</span> <span class='ocrx_word' id='word_1_335' title='bbox 1534 2373 1707 2445; x_wconf 63' lang='grc' dir='ltr'>Δακωνῑκῆς,</span> <span class='ocrx_word' id='word_1_336' title='bbox 1724 2371 1788 2445; x_wconf 57' lang='lat' dir='ltr'>M</span> 
     </span>
     <span class='ocr_line' id='line_1_25' title="bbox 178 2445 1789 2543; baseline 0.001 -25"><span class='ocrx_word' id='word_1_337' title='bbox 178 2463 242 2529; x_wconf 86' lang='grc' dir='ltr'>Τοῖς</span> <span class='ocrx_word' id='word_1_338' title='bbox 254 2461 305 2543; x_wconf 89' lang='grc' dir='ltr'>πρδ</span> <span class='ocrx_word' id='word_1_339' title='bbox 321 2465 396 2538; x_wconf 85' lang='grc' dir='ltr'>ἐμοῦ]</span> <span class='ocrx_word' id='word_1_340' title='bbox 411 2462 552 2537; x_wconf 76' lang='grc' dir='ltr'>ἱστοροῦσι.</span> <span class='ocrx_word' id='word_1_341' title='bbox 569 2491 600 2500; x_wconf 94' lang='grc'>-</span> <span class='ocrx_word' id='word_1_342' title='bbox 613 2455 654 2515; x_wconf 82' lang='grc' dir='ltr'>Τὸ</span> <span class='ocrx_word' id='word_1_343' title='bbox 665 2455 773 2535; x_wconf 90' lang='grc' dir='ltr'>χωρίον]</span> <span class='ocrx_word' id='word_1_344' title='bbox 788 2459 835 2526; x_wconf 75' lang='grc' dir='ltr'>τῆς</span> <span class='ocrx_word' id='word_1_345' title='bbox 847 2455 964 2536; x_wconf 77' lang='grc' dir='ltr'>ἱστορίας</span> <span class='ocrx_word' id='word_1_346' title='bbox 1008 2449 1114 2507; x_wconf 83' lang='grc' dir='ltr'>πολῖται</span> <span class='ocrx_word' id='word_1_347' title='bbox 1127 2451 1266 2510; x_wconf 86' lang='grc' dir='ltr'>ἐκαλοῦντο</span> <span class='ocrx_word' id='word_1_348' title='bbox 1278 2450 1402 2520; x_wconf 74' lang='grc' dir='ltr'>Εἵλωτες.</span> <span class='ocrx_word' id='word_1_349' title='bbox 1415 2457 1439 2513; x_wconf 82' lang='grc' dir='ltr'>οἱ</span> <span class='ocrx_word' id='word_1_350' title='bbox 1453 2445 1497 2514; x_wconf 76' lang='grc' dir='ltr'>οῦν</span> <span class='ocrx_word' id='word_1_351' title='bbox 1517 2457 1738 2535; x_wconf 81' lang='grc' dir='ltr'>Λακεδαιμόνιοι,</span> <span class='ocrx_word' id='word_1_352' title='bbox 1749 2458 1789 2518; x_wconf 72' lang='grc' dir='ltr'>διδ</span> 
     </span>
    </p>

    <p class='ocr_par' dir='ltr' id='par_1_8' title="bbox 141 2529 1819 2895">
     <span class='ocr_line' id='line_1_26' title="bbox 141 2529 1819 2624; baseline 0.004 -18"><span class='ocrx_word' id='word_1_353' title='bbox 141 2572 167 2613; x_wconf 70' lang='grc' dir='ltr'>τε</span> <span class='ocrx_word' id='word_1_354' title='bbox 179 2535 312 2622; x_wconf 86' lang='grc' dir='ltr'>δηλονότι,</span> <span class='ocrx_word' id='word_1_355' title='bbox 327 2549 386 2621; x_wconf 78' lang='grc' dir='ltr'>ἤτοι</span> <span class='ocrx_word' id='word_1_356' title='bbox 402 2551 450 2619; x_wconf 79' lang='grc' dir='ltr'>τῆς</span> <span class='ocrx_word' id='word_1_357' title='bbox 463 2543 711 2617; x_wconf 88' lang='grc' dir='ltr'>πεντηκονταετίας,</span> <span class='ocrx_word' id='word_1_358' title='bbox 723 2543 805 2615; x_wconf 80' lang='grc' dir='ltr'>είάθη</span> <span class='ocrx_word' id='word_1_359' title='bbox 819 2543 882 2624; x_wconf 88' lang='grc' dir='ltr'>παρ’</span> <span class='ocrx_word' id='word_1_360' title='bbox 895 2543 963 2603; x_wconf 85' lang='grc' dir='ltr'>ἐκεί-</span> <span class='ocrx_word' id='word_1_361' title='bbox 1007 2533 1037 2593; x_wconf 68' lang='grc' dir='ltr'>τθ</span> <span class='ocrx_word' id='word_1_362' title='bbox 1051 2533 1092 2594; x_wconf 51' lang='lat' dir='ltr'>&amp;l</span> <span class='ocrx_word' id='word_1_363' title='bbox 1112 2535 1248 2619; x_wconf 71' lang='grc' dir='ltr'>δίαγόρθυί</span> <span class='ocrx_word' id='word_1_364' title='bbox 1270 2529 1336 2597; x_wconf 62' lang='grc' dir='ltr'>Εἶναί</span> <span class='ocrx_word' id='word_1_365' title='bbox 1351 2538 1486 2614; x_wconf 69' lang='grc' dir='ltr'>ἅλλθλθῑςν</span> <span class='ocrx_word' id='word_1_366' title='bbox 1506 2541 1566 2609; x_wconf 61' lang='grc' dir='ltr'>τοὺς</span> <span class='ocrx_word' id='word_1_367' title='bbox 1583 2542 1691 2612; x_wconf 66' lang='grc' dir='ltr'>δούλους</span> <span class='ocrx_word' id='word_1_368' title='bbox 1705 2549 1788 2605; x_wconf 61' lang='grc' dir='ltr'>αὐτῶν</span> <span class='ocrx_word' id='word_1_369' title='bbox 1798 2562 1819 2602; x_wconf 71' lang='lat'>⁸</span> 
     </span>
     <span class='ocr_line' id='line_1_27' title="bbox 178 2621 1789 2716; baseline 0.011 -42"><span class='ocrx_word' id='word_1_370' title='bbox 178 2661 238 2704; x_wconf 41' lang='grc' dir='ltr'>,οη</span> <span class='ocrx_word' id='word_1_371' title='bbox 247 2672 278 2687; x_wconf 73' lang='grc'>,,</span> <span class='ocrx_word' id='word_1_372' title='bbox 293 2634 337 2697; x_wconf 63' lang='grc' dir='ltr'>Τὰ</span> <span class='ocrx_word' id='word_1_373' title='bbox 351 2635 403 2715; x_wconf 66' lang='grc' dir='ltr'>πρὸ</span> <span class='ocrx_word' id='word_1_374' title='bbox 417 2638 468 2692; x_wconf 63' lang='grc' dir='ltr'>τῶν</span> <span class='ocrx_word' id='word_1_375' title='bbox 487 2633 614 2706; x_wconf 59' lang='grc' dir='ltr'>Μηδικῶν</span> <span class='ocrx_word' id='word_1_376' title='bbox 628 2630 786 2703; x_wconf 61' lang='grc' dir='ltr'>Ἑλληνικά]</span> <span class='ocrx_word' id='word_1_377' title='bbox 801 2629 836 2689; x_wconf 64' lang='grc' dir='ltr'>τὰ</span> <span class='ocrx_word' id='word_1_378' title='bbox 853 2630 963 2712; x_wconf 68' lang='grc' dir='ltr'>Τρωϊκά</span> <span class='ocrx_word' id='word_1_379' title='bbox 1008 2621 1115 2681; x_wconf 84' lang='grc' dir='ltr'>ἐκάλουν</span> <span class='ocrx_word' id='word_1_380' title='bbox 1131 2622 1251 2692; x_wconf 79' lang='grc' dir='ltr'>Εἵλωτας</span> <span class='ocrx_word' id='word_1_381' title='bbox 1264 2624 1333 2684; x_wconf 71' lang='grc' dir='ltr'>κατὰ</span> <span class='ocrx_word' id='word_1_382' title='bbox 1351 2626 1458 2705; x_wconf 82' lang='grc' dir='ltr'>ἀτιμίαν</span> <span class='ocrx_word' id='word_1_383' title='bbox 1475 2629 1521 2687; x_wconf 80' lang='grc' dir='ltr'>καὶ</span> <span class='ocrx_word' id='word_1_384' title='bbox 1539 2629 1624 2710; x_wconf 84' lang='grc' dir='ltr'>θόριν.</span> <span class='ocrx_word' id='word_1_385' title='bbox 1639 2651 1681 2678; x_wconf 74' lang='lat'>²-</span> <span class='ocrx_word' id='word_1_386' title='bbox 1695 2623 1789 2716; x_wconf 78' lang='grc' dir='ltr'>ᾟ]τθ</span> 
     </span>
     <span class='ocr_line' id='line_1_28' title="bbox 178 2701 1789 2808; baseline 0.006 -24"><span class='ocrx_word' id='word_1_387' title='bbox 178 2748 257 2808; x_wconf 80' lang='grc' dir='ltr'>ρησι,</span> <span class='ocrx_word' id='word_1_388' title='bbox 274 2724 320 2784; x_wconf 82' lang='grc' dir='ltr'>καί</span> <span class='ocrx_word' id='word_1_389' title='bbox 340 2720 496 2801; x_wconf 84' lang='grc' dir='ltr'>Ἀμαζονικθ</span> <span class='ocrx_word' id='word_1_390' title='bbox 512 2720 559 2779; x_wconf 85' lang='grc' dir='ltr'>καί</span> <span class='ocrx_word' id='word_1_391' title='bbox 577 2718 711 2801; x_wconf 74' lang='grc' dir='ltr'>Θρακικά.</span> <span class='ocrx_word' id='word_1_392' title='bbox 727 2754 758 2765; x_wconf 89' lang='grc'><strong>-</strong></span> <span class='ocrx_word' id='word_1_393' title='bbox 775 2719 963 2800; x_wconf 90' lang='grc' dir='ltr'>Ξυνετίθεσαν]</span> <span class='ocrx_word' id='word_1_394' title='bbox 1007 2701 1096 2787; x_wconf 52' lang='lat' dir='ltr'>{M</span> <span class='ocrx_word' id='word_1_395' title='bbox 1106 2711 1238 2784; x_wconf 65' lang='lat' dir='ltr'>mvxaoo&#39;,</span> <span class='ocrx_word' id='word_1_396' title='bbox 1253 2711 1301 2774; x_wconf 62' lang='lat'>3²5·</span> <span class='ocrx_word' id='word_1_397' title='bbox 1316 2747 1357 2759; x_wconf 90' lang='lat'>···</span> <span class='ocrx_word' id='word_1_398' title='bbox 1370 2734 1393 2775; x_wconf 78' lang='lat'>³·</span> <span class='ocrx_word' id='word_1_399' title='bbox 1411 2714 1458 2776; x_wconf 70' lang='grc' dir='ltr'>Ἔν</span> <span class='ocrx_word' id='word_1_400' title='bbox 1473 2716 1612 2797; x_wconf 70' lang='grc' dir='ltr'>Ἰθώμῃ]ἥ</span> <span class='ocrx_word' id='word_1_401' title='bbox 1629 2719 1732 2798; x_wconf 70' lang='grc' dir='ltr'>Ἰθώμη</span> <span class='ocrx_word' id='word_1_402' title='bbox 1746 2725 1789 2793; x_wconf 65' lang='grc' dir='ltr'>7έά</span> 
     </span>
     <span class='ocr_line' id='line_1_29' title="bbox 179 2790 1788 2895; baseline 0.01 -44"><span class='ocrx_word' id='word_1_403' title='bbox 179 2814 353 2895; x_wconf 43' lang='lat' dir='ltr'>mmmm</span> <span class='ocrx_word' id='word_1_404' title='bbox 364 2852 392 2861; x_wconf 69' lang='grc'><em>,</em></span> <span class='ocrx_word' id='word_1_405' title='bbox 403 2811 537 2882; x_wconf 56' lang='grc' dir='ltr'>Κατίσςη]</span> <span class='ocrx_word' id='word_1_406' title='bbox 547 2809 655 2888; x_wconf 56' lang='grc' dir='ltr'>ἐγένετο,</span> <span class='ocrx_word' id='word_1_407' title='bbox 1007 2798 1195 2868; x_wconf 78' lang='grc' dir='ltr'>Μεσσηνιακῆς</span> <span class='ocrx_word' id='word_1_408' title='bbox 1212 2797 1304 2880; x_wconf 87' lang='grc' dir='ltr'>μοίρας</span> <span class='ocrx_word' id='word_1_409' title='bbox 1316 2790 1357 2871; x_wconf 73' lang='grc' dir='ltr'>ἦν.</span> <span class='ocrx_word' id='word_1_410' title='bbox 1373 2800 1487 2875; x_wconf 75' lang='grc' dir='ltr'>ἁλούσης</span> <span class='ocrx_word' id='word_1_411' title='bbox 1507 2797 1551 2864; x_wconf 75' lang='grc' dir='ltr'>οῦν</span> <span class='ocrx_word' id='word_1_412' title='bbox 1566 2809 1613 2876; x_wconf 77' lang='grc' dir='ltr'>τῆς</span> <span class='ocrx_word' id='word_1_413' title='bbox 1631 2808 1788 2884; x_wconf 71' lang='grc' dir='ltr'>Μεσσήνης,</span> 
     </span>
    </p>

    <p class='ocr_par' dir='ltr' id='par_1_9' title="bbox 218 2880 1789 2979">
     <span class='ocr_line' id='line_1_30' title="bbox 218 2880 1789 2979; baseline 0.004 -15"><span class='ocrx_word' id='word_1_414' title='bbox 218 2903 348 2964; x_wconf 81' lang='lat' dir='ltr'>xcvlll.</span> <span class='ocrx_word' id='word_1_415' title='bbox 370 2897 476 2976; x_wconf 81' lang='grc' dir='ltr'>Ἠϊόνα]</span> <span class='ocrx_word' id='word_1_416' title='bbox 489 2895 530 2957; x_wconf 86' lang='grc' dir='ltr'>ότι</span> <span class='ocrx_word' id='word_1_417' title='bbox 545 2897 590 2956; x_wconf 89' lang='grc' dir='ltr'>δύο</span> <span class='ocrx_word' id='word_1_418' title='bbox 604 2895 705 2964; x_wconf 84' lang='grc' dir='ltr'>Ἠϊόνες</span> <span class='ocrx_word' id='word_1_419' title='bbox 719 2896 784 2956; x_wconf 80' lang='grc' dir='ltr'>εἰσὶν</span> <span class='ocrx_word' id='word_1_420' title='bbox 798 2897 826 2955; x_wconf 89' lang='grc' dir='ltr'>ἐν</span> <span class='ocrx_word' id='word_1_421' title='bbox 839 2900 872 2978; x_wconf 76' lang='grc' dir='ltr'>τῇ</span> <span class='ocrx_word' id='word_1_422' title='bbox 887 2895 963 2979; x_wconf 77' lang='grc' dir='ltr'>Θρᾴ-</span> <span class='ocrx_word' id='word_1_423' title='bbox 1007 2880 1063 2941; x_wconf 69' lang='lat'>3⁶⁰¹</span> <span class='ocrx_word' id='word_1_424' title='bbox 1076 2887 1128 2942; x_wconf 62' lang='grc' dir='ltr'>τῶν</span> <span class='ocrx_word' id='word_1_425' title='bbox 1142 2885 1215 2967; x_wconf 68' lang='grc' dir='ltr'>πέρίί</span> <span class='ocrx_word' id='word_1_426' title='bbox 1230 2887 1391 2961; x_wconf 55' lang='grc' dir='ltr'>ἀπέστησαν,</span> <span class='ocrx_word' id='word_1_427' title='bbox 1408 2893 1433 2958; x_wconf 65' lang='grc' dir='ltr'>ές</span> <span class='ocrx_word' id='word_1_428' title='bbox 1447 2891 1559 2969; x_wconf 68' lang='grc' dir='ltr'>Ἰθώμην</span> <span class='ocrx_word' id='word_1_429' title='bbox 1577 2892 1744 2970; x_wconf 56' lang='grc' dir='ltr'>ἀπέπλω,</span> <span class='ocrx_word' id='word_1_430' title='bbox 1757 2901 1789 2966; x_wconf 64' lang='grc' dir='ltr'>ὦ(</span> 
     </span>
    </p>

    <p class='ocr_par' dir='ltr' id='par_1_10' title="bbox 139 2965 1821 3159">
     <span class='ocr_line' id='line_1_31' title="bbox 139 2965 1821 3071; baseline 0.015 -50"><span class='ocrx_word' id='word_1_431' title='bbox 139 3012 167 3052; x_wconf 71' lang='lat'>³0</span> <span class='ocrx_word' id='word_1_432' title='bbox 179 2996 258 3071; x_wconf 45' lang='lat' dir='ltr'>xm</span> <span class='ocrx_word' id='word_1_433' title='bbox 280 2988 327 3068; x_wconf 61' lang='grc' dir='ltr'>μὲν</span> <span class='ocrx_word' id='word_1_434' title='bbox 347 2985 428 3065; x_wconf 46' lang='lat' dir='ltr'>m„</span> <span class='ocrx_word' id='word_1_435' title='bbox 448 2990 495 3058; x_wconf 63' lang='grc' dir='ltr'>,ἥς</span> <span class='ocrx_word' id='word_1_436' title='bbox 508 2983 688 3067; x_wconf 48' lang='lat' dir='ltr'>mmm&lt;</span> <span class='ocrx_word' id='word_1_437' title='bbox 709 2984 779 3057; x_wconf 56' lang='grc' dir='ltr'>ἐστι,</span> <span class='ocrx_word' id='word_1_438' title='bbox 799 2984 860 3067; x_wconf 61' lang='grc' dir='ltr'>περ]</span> <span class='ocrx_word' id='word_1_439' title='bbox 873 2978 904 3057; x_wconf 64' lang='grc' dir='ltr'>ἧς</span> <span class='ocrx_word' id='word_1_440' title='bbox 917 2990 963 3045; x_wconf 66' lang='grc' dir='ltr'>,ην</span> <span class='ocrx_word' id='word_1_441' title='bbox 1007 2969 1103 3051; x_wconf 76' lang='grc' dir='ltr'>ἐχθράν</span> <span class='ocrx_word' id='word_1_442' title='bbox 1117 2965 1196 3031; x_wconf 75' lang='grc' dir='ltr'>οὖσαν</span> <span class='ocrx_word' id='word_1_443' title='bbox 1210 2976 1261 3032; x_wconf 81' lang='grc' dir='ltr'>τῶν</span> <span class='ocrx_word' id='word_1_444' title='bbox 1272 2976 1496 3054; x_wconf 87' lang='grc' dir='ltr'>Λακεδαιμονίων.</span> <span class='ocrx_word' id='word_1_445' title='bbox 1510 3014 1551 3025; x_wconf 85' lang='grc'><strong>-</strong></span> <span class='ocrx_word' id='word_1_446' title='bbox 1561 2976 1636 3041; x_wconf 71' lang='lat' dir='ltr'>‘ow</span> <span class='ocrx_word' id='word_1_447' title='bbox 1647 2981 1712 3057; x_wconf 80' lang='grc' dir='ltr'>ἔδει]</span> <span class='ocrx_word' id='word_1_448' title='bbox 1727 2987 1789 3043; x_wconf 88' lang='grc' dir='ltr'>ἀνα·</span> <span class='ocrx_word' id='word_1_449' title='bbox 1799 3003 1821 3047; x_wconf 68' lang='lat' dir='ltr'><strong><em>w</em></strong></span> 
     </span>
     <span class='ocr_line' id='line_1_32' title="bbox 179 3057 1371 3159; baseline -0.01 -26"><span class='ocrx_word' id='word_1_450' title='bbox 179 3078 266 3159; x_wconf 76' lang='grc' dir='ltr'>λέγει,</span> <span class='ocrx_word' id='word_1_451' title='bbox 280 3083 298 3150; x_wconf 82' lang='grc' dir='ltr'>ἡ</span> <span class='ocrx_word' id='word_1_452' title='bbox 313 3076 341 3137; x_wconf 85' lang='grc' dir='ltr'>δέ</span> <span class='ocrx_word' id='word_1_453' title='bbox 359 3076 426 3148; x_wconf 82' lang='grc' dir='ltr'>άλλη</span> <span class='ocrx_word' id='word_1_454' title='bbox 444 3075 527 3142; x_wconf 86' lang='grc' dir='ltr'>πολις.</span> <span class='ocrx_word' id='word_1_455' title='bbox 543 3074 687 3155; x_wconf 86' lang='grc' dir='ltr'>Λυκόρρων</span> <span class='ocrx_word' id='word_1_456' title='bbox 700 3079 739 3144; x_wconf 85' lang='grc' dir='ltr'>[ν.</span> <span class='ocrx_word' id='word_1_457' title='bbox 752 3074 818 3153; x_wconf 76' lang='lat'><strong>⁴17];</strong></span> <span class='ocrx_word' id='word_1_458' title='bbox 1007 3057 1122 3118; x_wconf 81' lang='grc' dir='ltr'>λωθέντα</span> <span class='ocrx_word' id='word_1_459' title='bbox 1137 3061 1163 3118; x_wconf 92' lang='grc' dir='ltr'>ἐν</span> <span class='ocrx_word' id='word_1_460' title='bbox 1178 3064 1211 3140; x_wconf 84' lang='grc' dir='ltr'>τῇ</span> <span class='ocrx_word' id='word_1_461' title='bbox 1225 3062 1371 3144; x_wconf 72' lang='grc' dir='ltr'>πολιορκία.</span> 
     </span>
    </p>

    <p class='ocr_par' dir='ltr' id='par_1_11' title="bbox 83 3148 1789 3238">
     <span class='ocr_line' id='line_1_33' title="bbox 83 3148 1789 3238; baseline 0 -23"><span class='ocrx_word' id='word_1_462' title='bbox 83 3220 86 3225; x_wconf 57' lang='lat'>‚</span> <span class='ocrx_word' id='word_1_463' title='bbox 318 3166 364 3216; x_wconf 83' lang='grc' dir='ltr'>Τὸν</span> <span class='ocrx_word' id='word_1_464' title='bbox 375 3165 415 3228; x_wconf 72' lang='grc' dir='ltr'>μὲν</span> <span class='ocrx_word' id='word_1_465' title='bbox 424 3165 469 3228; x_wconf 81' lang='grc' dir='ltr'>γὰρ</span> <span class='ocrx_word' id='word_1_466' title='bbox 477 3163 541 3228; x_wconf 80' lang='grc' dir='ltr'>ᾘὼν</span> <span class='ocrx_word' id='word_1_467' title='bbox 550 3162 677 3226; x_wconf 85' lang='grc' dir='ltr'>Σπρυμόνος</span> <span class='ocrx_word' id='word_1_468' title='bbox 687 3160 808 3210; x_wconf 84' lang='grc' dir='ltr'>Βισαλτία.</span> <span class='ocrx_word' id='word_1_469' title='bbox 1047 3148 1108 3208; x_wconf 85' lang='lat' dir='ltr'><strong>CII.</strong></span> <span class='ocrx_word' id='word_1_470' title='bbox 1130 3149 1333 3227; x_wconf 85' lang='grc' dir='ltr'>Λακεδαιμόνιοι</span> <span class='ocrx_word' id='word_1_471' title='bbox 1346 3150 1384 3224; x_wconf 92' lang='grc' dir='ltr'>δέ]</span> <span class='ocrx_word' id='word_1_472' title='bbox 1395 3151 1464 3233; x_wconf 77' lang='grc' dir='ltr'>ἀρχὴ</span> <span class='ocrx_word' id='word_1_473' title='bbox 1476 3156 1522 3225; x_wconf 73' lang='grc' dir='ltr'>τῆς</span> <span class='ocrx_word' id='word_1_474' title='bbox 1533 3155 1658 3238; x_wconf 75' lang='grc' dir='ltr'>διαφορᾶς</span> <span class='ocrx_word' id='word_1_475' title='bbox 1669 3160 1722 3216; x_wconf 85' lang='grc' dir='ltr'>τῶν</span> <span class='ocrx_word' id='word_1_476' title='bbox 1734 3164 1789 3220; x_wconf 88' lang='grc' dir='ltr'>Λα-</span> 
     </span>
    </p>

    <p class='ocr_par' dir='ltr' id='par_1_12' title="bbox 177 3229 1788 3410">
     <span class='ocr_line' id='line_1_34' title="bbox 177 3229 1788 3320; baseline 0.011 -34"><span class='ocrx_word' id='word_1_477' title='bbox 177 3273 219 3286; x_wconf 90' lang='grc'>...</span> <span class='ocrx_word' id='word_1_478' title='bbox 237 3232 382 3318; x_wconf 74' lang='grc' dir='ltr'>Στρυμόνι]</span> <span class='ocrx_word' id='word_1_479' title='bbox 400 3233 529 3316; x_wconf 82' lang='grc' dir='ltr'>Στρυμὼν</span> <span class='ocrx_word' id='word_1_480' title='bbox 544 3231 661 3308; x_wconf 79' lang='grc' dir='ltr'>ποταμὸς</span> <span class='ocrx_word' id='word_1_481' title='bbox 673 3229 792 3312; x_wconf 76' lang='grc' dir='ltr'>Θρηίκης.</span> <span class='ocrx_word' id='word_1_482' title='bbox 804 3252 878 3293; x_wconf 72' lang='grc' dir='ltr'>-ν,</span> <span class='ocrx_word' id='word_1_483' title='bbox 892 3234 964 3292; x_wconf 85' lang='grc' dir='ltr'>Σκῦ-</span> <span class='ocrx_word' id='word_1_484' title='bbox 1006 3232 1177 3308; x_wconf 86' lang='grc' dir='ltr'>κεδαιμονίων</span> <span class='ocrx_word' id='word_1_485' title='bbox 1198 3235 1267 3293; x_wconf 86' lang='grc' dir='ltr'>κατδι</span> <span class='ocrx_word' id='word_1_486' title='bbox 1285 3235 1329 3294; x_wconf 84' lang='grc' dir='ltr'>τὸν</span> <span class='ocrx_word' id='word_1_487' title='bbox 1350 3238 1510 3320; x_wconf 79' lang='grc' dir='ltr'>Ἀριστείδην</span> <span class='ocrx_word' id='word_1_488' title='bbox 1529 3243 1564 3320; x_wconf 81' lang='grc' dir='ltr'>γ’.</span> <span class='ocrx_word' id='word_1_489' title='bbox 1587 3278 1627 3287; x_wconf 91' lang='lat'>—-</span> <span class='ocrx_word' id='word_1_490' title='bbox 1647 3264 1670 3303; x_wconf 78' lang='grc' dir='ltr'>ε.</span> <span class='ocrx_word' id='word_1_491' title='bbox 1685 3247 1744 3317; x_wconf 82' lang='grc' dir='ltr'>Τῆς</span> <span class='ocrx_word' id='word_1_492' title='bbox 1763 3245 1788 3305; x_wconf 82' lang='grc' dir='ltr'>δέ</span> 
     </span>
     <span class='ocr_line' id='line_1_35' title="bbox 179 3319 1788 3410; baseline 0.003 -25"><span class='ocrx_word' id='word_1_493' title='bbox 179 3327 236 3410; x_wconf 88' lang='grc' dir='ltr'>ρον]</span> <span class='ocrx_word' id='word_1_494' title='bbox 248 3326 310 3405; x_wconf 91' lang='grc' dir='ltr'>μίαν</span> <span class='ocrx_word' id='word_1_495' title='bbox 323 3328 374 3384; x_wconf 84' lang='grc' dir='ltr'>τῶν</span> <span class='ocrx_word' id='word_1_496' title='bbox 395 3322 551 3384; x_wconf 88' lang='grc' dir='ltr'>Κυκλάδων.</span> <span class='ocrx_word' id='word_1_497' title='bbox 563 3354 603 3365; x_wconf 94' lang='lat'><em>-</em></span> <span class='ocrx_word' id='word_1_498' title='bbox 617 3319 746 3402; x_wconf 86' lang='grc' dir='ltr'>ᾬκισαν]</span> <span class='ocrx_word' id='word_1_499' title='bbox 758 3319 883 3388; x_wconf 79' lang='grc' dir='ltr'>ἀποίκους</span> <span class='ocrx_word' id='word_1_500' title='bbox 898 3323 962 3379; x_wconf 80' lang='grc' dir='ltr'>άπο·</span> <span class='ocrx_word' id='word_1_501' title='bbox 1007 3319 1168 3400; x_wconf 85' lang='grc' dir='ltr'>πολιορκίας]</span> <span class='ocrx_word' id='word_1_502' title='bbox 1181 3321 1211 3379; x_wconf 82' lang='grc' dir='ltr'>τὸ</span> <span class='ocrx_word' id='word_1_503' title='bbox 1233 3321 1262 3380; x_wconf 86' lang='grc' dir='ltr'>δέ</span> <span class='ocrx_word' id='word_1_504' title='bbox 1276 3323 1333 3382; x_wconf 79' lang='grc' dir='ltr'>ἀντὶ</span> <span class='ocrx_word' id='word_1_505' title='bbox 1347 3332 1394 3383; x_wconf 89' lang='grc' dir='ltr'>τοῦ</span> <span class='ocrx_word' id='word_1_506' title='bbox 1408 3326 1468 3407; x_wconf 87' lang='grc' dir='ltr'>γάρ.</span> <span class='ocrx_word' id='word_1_507' title='bbox 1486 3361 1527 3372; x_wconf 94' lang='grc'>-</span> <span class='ocrx_word' id='word_1_508' title='bbox 1544 3328 1659 3408; x_wconf 87' lang='grc' dir='ltr'>Τούτου]</span> <span class='ocrx_word' id='word_1_509' title='bbox 1672 3336 1720 3390; x_wconf 85' lang='grc' dir='ltr'>τοῦ</span> <span class='ocrx_word' id='word_1_510' title='bbox 1735 3356 1788 3392; x_wconf 89' lang='grc' dir='ltr'>τει-</span> 
     </span>
    </p>

    <p class='ocr_par' dir='ltr' id='par_1_13' title="bbox 139 3407 1819 3847">
     <span class='ocr_line' id='line_1_36' title="bbox 139 3407 1819 3500; baseline 0.003 -27"><span class='ocrx_word' id='word_1_511' title='bbox 139 3443 166 3485; x_wconf 68' lang='grc' dir='ltr'>ης</span> <span class='ocrx_word' id='word_1_512' title='bbox 179 3414 326 3480; x_wconf 87' lang='grc' dir='ltr'>στείλαντες</span> <span class='ocrx_word' id='word_1_513' title='bbox 339 3411 466 3486; x_wconf 89' lang='grc' dir='ltr'>δηλονότι.</span> <span class='ocrx_word' id='word_1_514' title='bbox 480 3444 521 3455; x_wconf 95' lang='grc'>-</span> <span class='ocrx_word' id='word_1_515' title='bbox 536 3428 557 3468; x_wconf 82' lang='grc' dir='ltr'>ι.</span> <span class='ocrx_word' id='word_1_516' title='bbox 573 3410 677 3479; x_wconf 78' lang='grc' dir='ltr'>Αθτοῖς]</span> <span class='ocrx_word' id='word_1_517' title='bbox 687 3410 739 3474; x_wconf 73' lang='grc' dir='ltr'>τοῖς</span> <span class='ocrx_word' id='word_1_518' title='bbox 755 3407 908 3481; x_wconf 75' lang='grc' dir='ltr'>Ἀθηναίοις.</span> <span class='ocrx_word' id='word_1_519' title='bbox 923 3445 964 3457; x_wconf 91' lang='grc'>-</span> <span class='ocrx_word' id='word_1_520' title='bbox 1006 3416 1146 3487; x_wconf 84' lang='grc' dir='ltr'>χομαχεῑν,</span> <span class='ocrx_word' id='word_1_521' title='bbox 1156 3413 1202 3479; x_wconf 82' lang='grc' dir='ltr'>τῆς</span> <span class='ocrx_word' id='word_1_522' title='bbox 1211 3409 1304 3490; x_wconf 77' lang='grc' dir='ltr'>τέχνης</span> <span class='ocrx_word' id='word_1_523' title='bbox 1320 3413 1447 3491; x_wconf 81' lang='grc' dir='ltr'>δηλονότι.</span> <span class='ocrx_word' id='word_1_524' title='bbox 1457 3435 1528 3475; x_wconf 76' lang='grc' dir='ltr'>-ε,</span> <span class='ocrx_word' id='word_1_525' title='bbox 1540 3416 1714 3498; x_wconf 81' lang='grc' dir='ltr'>Ἀλλορύλους</span> <span class='ocrx_word' id='word_1_526' title='bbox 1733 3420 1787 3500; x_wconf 82' lang='grc' dir='ltr'>ἀμο</span> <span class='ocrx_word' id='word_1_527' title='bbox 1798 3441 1819 3482; x_wconf 75' lang='grc' dir='ltr'>α</span> 
     </span>
     <span class='ocr_line' id='line_1_37' title="bbox 177 3494 1788 3584; baseline 0.004 -22"><span class='ocrx_word' id='word_1_528' title='bbox 177 3500 254 3563; x_wconf 87' lang='grc' dir='ltr'>Ἄνευ</span> <span class='ocrx_word' id='word_1_529' title='bbox 267 3504 319 3560; x_wconf 83' lang='grc' dir='ltr'>τῶν</span> <span class='ocrx_word' id='word_1_530' title='bbox 335 3500 421 3559; x_wconf 89' lang='grc' dir='ltr'>ἄλλων</span> <span class='ocrx_word' id='word_1_531' title='bbox 438 3495 559 3558; x_wconf 80' lang='grc' dir='ltr'>Εὐύοέων</span> <span class='ocrx_word' id='word_1_532' title='bbox 574 3495 689 3572; x_wconf 81' lang='grc' dir='ltr'>πολεμος</span> <span class='ocrx_word' id='word_1_533' title='bbox 702 3494 815 3574; x_wconf 88' lang='grc' dir='ltr'>ἐγένετο]</span> <span class='ocrx_word' id='word_1_534' title='bbox 827 3496 900 3572; x_wconf 86' lang='grc' dir='ltr'>μόνοι</span> <span class='ocrx_word' id='word_1_535' title='bbox 912 3498 963 3581; x_wconf 74' lang='grc' dir='ltr'>γὰρ</span> <span class='ocrx_word' id='word_1_536' title='bbox 1007 3495 1180 3576; x_wconf 76' lang='grc' dir='ltr'>ἡγησάμενοι]</span> <span class='ocrx_word' id='word_1_537' title='bbox 1202 3496 1241 3556; x_wconf 88' lang='grc' dir='ltr'>ότι</span> <span class='ocrx_word' id='word_1_538' title='bbox 1256 3503 1279 3558; x_wconf 80' lang='grc' dir='ltr'>οἱ</span> <span class='ocrx_word' id='word_1_539' title='bbox 1294 3497 1350 3577; x_wconf 82' lang='grc' dir='ltr'>μέν,</span> <span class='ocrx_word' id='word_1_540' title='bbox 1364 3507 1486 3584; x_wconf 90' lang='grc' dir='ltr'>Δωριεῖς,</span> <span class='ocrx_word' id='word_1_541' title='bbox 1501 3505 1525 3561; x_wconf 80' lang='grc' dir='ltr'>οἱ</span> <span class='ocrx_word' id='word_1_542' title='bbox 1539 3502 1580 3577; x_wconf 86' lang='grc' dir='ltr'>δέ,</span> <span class='ocrx_word' id='word_1_543' title='bbox 1594 3502 1692 3573; x_wconf 85' lang='grc' dir='ltr'>Ἴωνες.</span> <span class='ocrx_word' id='word_1_544' title='bbox 1708 3542 1751 3555; x_wconf 87' lang='lat'>···</span> <span class='ocrx_word' id='word_1_545' title='bbox 1767 3530 1788 3569; x_wconf 87' lang='grc' dir='ltr'>ι.</span> 
     </span>
     <span class='ocr_line' id='line_1_38' title="bbox 178 3580 1787 3676; baseline 0.002 -27"><span class='ocrx_word' id='word_1_546' title='bbox 178 3594 230 3649; x_wconf 85' lang='grc' dir='ltr'>τῶν</span> <span class='ocrx_word' id='word_1_547' title='bbox 245 3586 368 3650; x_wconf 81' lang='grc' dir='ltr'>Εύόοέων</span> <span class='ocrx_word' id='word_1_548' title='bbox 382 3588 432 3665; x_wconf 86' lang='grc' dir='ltr'>οὐχ</span> <span class='ocrx_word' id='word_1_549' title='bbox 449 3583 560 3655; x_wconf 70' lang='grc' dir='ltr'>ὑπήκοοι</span> <span class='ocrx_word' id='word_1_550' title='bbox 577 3580 728 3656; x_wconf 89' lang='grc' dir='ltr'>Ἀθηναίων,</span> <span class='ocrx_word' id='word_1_551' title='bbox 743 3582 811 3643; x_wconf 71' lang='grc' dir='ltr'>ἀλλὰ</span> <span class='ocrx_word' id='word_1_552' title='bbox 830 3583 872 3643; x_wconf 77' lang='grc' dir='ltr'>διὰ</span> <span class='ocrx_word' id='word_1_553' title='bbox 887 3590 963 3645; x_wconf 89' lang='grc' dir='ltr'>τοῦτο</span> <span class='ocrx_word' id='word_1_554' title='bbox 1007 3584 1066 3640; x_wconf 86' lang='grc' dir='ltr'>Οὐκ</span> <span class='ocrx_word' id='word_1_555' title='bbox 1088 3583 1186 3666; x_wconf 79' lang='grc' dir='ltr'>ἐπὶτῷ</span> <span class='ocrx_word' id='word_1_556' title='bbox 1208 3585 1319 3664; x_wconf 87' lang='grc' dir='ltr'>βελτίονι</span> <span class='ocrx_word' id='word_1_557' title='bbox 1342 3589 1425 3670; x_wconf 83' lang='grc' dir='ltr'>λόγῳ]</span> <span class='ocrx_word' id='word_1_558' title='bbox 1446 3591 1503 3649; x_wconf 86' lang='grc' dir='ltr'>ἀλλ’</span> <span class='ocrx_word' id='word_1_559' title='bbox 1524 3592 1568 3650; x_wconf 80' lang='grc' dir='ltr'>ἐπί</span> <span class='ocrx_word' id='word_1_560' title='bbox 1593 3594 1703 3676; x_wconf 73' lang='grc' dir='ltr'>θπο]ίρ.</span> <span class='ocrx_word' id='word_1_561' title='bbox 1722 3594 1787 3674; x_wconf 72' lang='grc' dir='ltr'>μετὰ</span> 
     </span>
     <span class='ocr_line' id='line_1_39' title="bbox 178 3670 1788 3765; baseline 0.005 -30"><span class='ocrx_word' id='word_1_562' title='bbox 178 3675 242 3757; x_wconf 80' lang='grc' dir='ltr'>πρὸς</span> <span class='ocrx_word' id='word_1_563' title='bbox 256 3673 349 3753; x_wconf 88' lang='grc' dir='ltr'>μόνους</span> <span class='ocrx_word' id='word_1_564' title='bbox 368 3670 460 3739; x_wconf 78' lang='grc' dir='ltr'>αὐτοῦς</span> <span class='ocrx_word' id='word_1_565' title='bbox 478 3670 652 3748; x_wconf 87' lang='grc' dir='ltr'>ἐπολέμησαν.</span> <span class='ocrx_word' id='word_1_566' title='bbox 673 3704 714 3716; x_wconf 90' lang='grc'>-</span> <span class='ocrx_word' id='word_1_567' title='bbox 728 3671 796 3732; x_wconf 82' lang='grc' dir='ltr'>Καθ’</span> <span class='ocrx_word' id='word_1_568' title='bbox 810 3672 963 3754; x_wconf 80' lang='grc' dir='ltr'>ὁμολογίαν]</span> <span class='ocrx_word' id='word_1_569' title='bbox 1007 3672 1120 3743; x_wconf 76' lang='grc' dir='ltr'>σπουδῆς</span> <span class='ocrx_word' id='word_1_570' title='bbox 1134 3670 1185 3753; x_wconf 80' lang='grc' dir='ltr'>γάρ</span> <span class='ocrx_word' id='word_1_571' title='bbox 1200 3672 1291 3741; x_wconf 77' lang='grc' dir='ltr'>αὐτοὺς</span> <span class='ocrx_word' id='word_1_572' title='bbox 1304 3676 1479 3753; x_wconf 74' lang='grc' dir='ltr'>καλέσαντες,</span> <span class='ocrx_word' id='word_1_573' title='bbox 1495 3680 1605 3747; x_wconf 81' lang='grc' dir='ltr'>εὐτελῶς</span> <span class='ocrx_word' id='word_1_574' title='bbox 1619 3680 1788 3765; x_wconf 83' lang='grc' dir='ltr'>ἀπέπεμψαν.</span> 
     </span>
     <span class='ocr_line' id='line_1_40' title="bbox 178 3757 1596 3847; baseline 0.004 -25"><span class='ocrx_word' id='word_1_575' title='bbox 178 3764 316 3841; x_wconf 80' lang='grc' dir='ltr'>ὁμολογεῖν</span> <span class='ocrx_word' id='word_1_576' title='bbox 330 3758 386 3819; x_wconf 83' lang='grc' dir='ltr'>ἐστί</span> <span class='ocrx_word' id='word_1_577' title='bbox 405 3758 435 3817; x_wconf 83' lang='grc' dir='ltr'>τδ</span> <span class='ocrx_word' id='word_1_578' title='bbox 454 3765 612 3836; x_wconf 79' lang='grc' dir='ltr'>συμφωνεῖν.</span> <span class='ocrx_word' id='word_1_579' title='bbox 628 3792 668 3802; x_wconf 90' lang='lat'><em>-</em></span> <span class='ocrx_word' id='word_1_580' title='bbox 681 3777 704 3818; x_wconf 82' lang='grc' dir='ltr'>ι.</span> <span class='ocrx_word' id='word_1_581' title='bbox 722 3757 922 3843; x_wconf 74' lang='grc' dir='ltr'>’λίπολέμησαν]</span> <span class='ocrx_word' id='word_1_582' title='bbox 939 3766 963 3821; x_wconf 90' lang='grc' dir='ltr'>οί</span> <span class='ocrx_word' id='word_1_583' title='bbox 1006 3794 1047 3804; x_wconf 90' lang='grc'>-</span> <span class='ocrx_word' id='word_1_584' title='bbox 1059 3758 1235 3842; x_wconf 78' lang='grc' dir='ltr'>Ἀμφοτέροις]</span> <span class='ocrx_word' id='word_1_585' title='bbox 1250 3762 1392 3834; x_wconf 87' lang='grc' dir='ltr'>Ἀθηναίοις</span> <span class='ocrx_word' id='word_1_586' title='bbox 1405 3764 1450 3823; x_wconf 84' lang='grc' dir='ltr'>καί</span> <span class='ocrx_word' id='word_1_587' title='bbox 1464 3765 1596 3847; x_wconf 80' lang='grc' dir='ltr'>Ἀργείοις.</span> 
     </span>
    </p>

    <p class='ocr_par' dir='ltr' id='par_1_14' title="bbox 138 3845 1821 4018">
     <span class='ocr_line' id='line_1_41' title="bbox 179 3845 1821 3940; baseline 0.005 -29"><span class='ocrx_word' id='word_1_588' title='bbox 179 3849 310 3922; x_wconf 89' lang='grc' dir='ltr'>Ἀθηναῖοι</span> <span class='ocrx_word' id='word_1_589' title='bbox 319 3845 499 3920; x_wconf 87' lang='grc' dir='ltr'>δηλονότι.-</span> <span class='ocrx_word' id='word_1_590' title='bbox 512 3845 733 3926; x_wconf 71' lang='grc' dir='ltr'>Παρεστήσαντο]</span> <span class='ocrx_word' id='word_1_591' title='bbox 748 3847 906 3908; x_wconf 89' lang='grc' dir='ltr'>ἐδούλωσαν.</span> <span class='ocrx_word' id='word_1_592' title='bbox 922 3884 963 3895; x_wconf 91' lang='lat'>-</span> <span class='ocrx_word' id='word_1_593' title='bbox 1047 3848 1121 3908; x_wconf 81' lang='lat' dir='ltr'><strong>Clll.</strong></span> <span class='ocrx_word' id='word_1_594' title='bbox 1143 3848 1284 3929; x_wconf 90' lang='grc' dir='ltr'>Ἀντέχειν]</span> <span class='ocrx_word' id='word_1_595' title='bbox 1300 3852 1442 3932; x_wconf 87' lang='grc' dir='ltr'>μάχεσθαι.</span> <span class='ocrx_word' id='word_1_596' title='bbox 1460 3846 1613 3936; x_wconf 73' lang='grc' dir='ltr'>-Ἐφ’ᾧ</span> <span class='ocrx_word' id='word_1_597' title='bbox 1636 3879 1665 3914; x_wconf 88' lang='grc' dir='ltr'>τε</span> <span class='ocrx_word' id='word_1_598' title='bbox 1681 3856 1821 3940; x_wconf 85' lang='grc' dir='ltr'>ἐξίασιν]ιο</span> 
     </span>
     <span class='ocr_line' id='line_1_42' title="bbox 138 3930 1790 4018; baseline 0.007 -24"><span class='ocrx_word' id='word_1_599' title='bbox 138 3955 166 3994; x_wconf 82' lang='grc' dir='ltr'>ιο</span> <span class='ocrx_word' id='word_1_600' title='bbox 180 3935 262 4018; x_wconf 79' lang='grc' dir='ltr'>Παρδ</span> <span class='ocrx_word' id='word_1_601' title='bbox 285 3935 316 3995; x_wconf 89' lang='grc' dir='ltr'>τδ</span> <span class='ocrx_word' id='word_1_602' title='bbox 333 3930 504 4017; x_wconf 85' lang='grc' dir='ltr'>καθεστηκός]</span> <span class='ocrx_word' id='word_1_603' title='bbox 518 3932 592 4013; x_wconf 86' lang='grc' dir='ltr'>παρδι</span> <span class='ocrx_word' id='word_1_604' title='bbox 608 3931 638 3991; x_wconf 79' lang='grc' dir='ltr'>τὸ</span> <span class='ocrx_word' id='word_1_605' title='bbox 656 3933 767 4012; x_wconf 90' lang='grc' dir='ltr'>νόμιμον</span> <span class='ocrx_word' id='word_1_606' title='bbox 783 3934 829 3993; x_wconf 78' lang='grc' dir='ltr'>καὶ</span> <span class='ocrx_word' id='word_1_607' title='bbox 849 3935 963 4014; x_wconf 87' lang='grc' dir='ltr'>πρέπον·</span> <span class='ocrx_word' id='word_1_608' title='bbox 1007 3933 1064 3991; x_wconf 79' lang='grc' dir='ltr'>ἀντὶ</span> <span class='ocrx_word' id='word_1_609' title='bbox 1074 3939 1121 3992; x_wconf 88' lang='grc' dir='ltr'>τοῦ</span> <span class='ocrx_word' id='word_1_610' title='bbox 1133 3934 1177 3992; x_wconf 80' lang='grc' dir='ltr'>ἐπὶ</span> <span class='ocrx_word' id='word_1_611' title='bbox 1188 3939 1225 4016; x_wconf 82' lang='grc' dir='ltr'>τῷ</span> <span class='ocrx_word' id='word_1_612' title='bbox 1238 3936 1340 4005; x_wconf 79' lang='grc' dir='ltr'>ἐξιέναι.</span> <span class='ocrx_word' id='word_1_613' title='bbox 1359 3939 1455 4018; x_wconf 86' lang='grc' dir='ltr'>ἰδίωμα</span> <span class='ocrx_word' id='word_1_614' title='bbox 1468 3938 1495 3999; x_wconf 84' lang='grc' dir='ltr'>δέ</span> <span class='ocrx_word' id='word_1_615' title='bbox 1506 3947 1551 4000; x_wconf 82' lang='grc' dir='ltr'>τοῦ</span> <span class='ocrx_word' id='word_1_616' title='bbox 1564 3943 1737 4005; x_wconf 87' lang='grc' dir='ltr'>Θουκυδίδου.</span> <span class='ocrx_word' id='word_1_617' title='bbox 1751 3980 1790 3994; x_wconf 88' lang='lat'>·-</span> 
     </span>
    </p>

    <p class='ocr_par' dir='ltr' id='par_1_15' title="bbox 178 4012 1789 4109">
     <span class='ocr_line' id='line_1_43' title="bbox 178 4012 1789 4109; baseline 0.007 -30"><span class='ocrx_word' id='word_1_618' title='bbox 178 4025 309 4107; x_wconf 79' lang='grc' dir='ltr'>ἐλεύθεροι</span> <span class='ocrx_word' id='word_1_619' title='bbox 330 4022 382 4105; x_wconf 74' lang='grc' dir='ltr'>γάρ</span> <span class='ocrx_word' id='word_1_620' title='bbox 410 4014 477 4095; x_wconf 65' lang='grc' dir='ltr'>ἦσαν</span> <span class='ocrx_word' id='word_1_621' title='bbox 493 4025 517 4081; x_wconf 81' lang='grc' dir='ltr'>οἱ</span> <span class='ocrx_word' id='word_1_622' title='bbox 543 4018 674 4092; x_wconf 88' lang='grc' dir='ltr'>Ἕλληνες</span> <span class='ocrx_word' id='word_1_623' title='bbox 698 4021 764 4082; x_wconf 88' lang='grc' dir='ltr'>τότε.</span> <span class='ocrx_word' id='word_1_624' title='bbox 783 4058 825 4068; x_wconf 91' lang='grc'><strong>-</strong></span> <span class='ocrx_word' id='word_1_625' title='bbox 843 4021 962 4105; x_wconf 81' lang='grc' dir='ltr'>Ἒκοίσςῃ</span> <span class='ocrx_word' id='word_1_626' title='bbox 1007 4042 1029 4082; x_wconf 81' lang='grc' dir='ltr'>υ.</span> <span class='ocrx_word' id='word_1_627' title='bbox 1044 4012 1097 4081; x_wconf 82' lang='grc' dir='ltr'>Ἦν</span> <span class='ocrx_word' id='word_1_628' title='bbox 1110 4021 1139 4081; x_wconf 87' lang='grc' dir='ltr'>δέ</span> <span class='ocrx_word' id='word_1_629' title='bbox 1150 4046 1175 4080; x_wconf 88' lang='grc' dir='ltr'>τι</span> <span class='ocrx_word' id='word_1_630' title='bbox 1187 4024 1232 4081; x_wconf 81' lang='grc' dir='ltr'>καί</span> <span class='ocrx_word' id='word_1_631' title='bbox 1241 4026 1413 4108; x_wconf 77' lang='grc' dir='ltr'>χρηστήριον]</span> <span class='ocrx_word' id='word_1_632' title='bbox 1428 4027 1513 4087; x_wconf 85' lang='grc' dir='ltr'>αἰτίαν</span> <span class='ocrx_word' id='word_1_633' title='bbox 1527 4030 1597 4109; x_wconf 81' lang='grc' dir='ltr'>λέγει</span> <span class='ocrx_word' id='word_1_634' title='bbox 1611 4036 1656 4090; x_wconf 89' lang='grc' dir='ltr'>τοῦ</span> <span class='ocrx_word' id='word_1_635' title='bbox 1670 4031 1709 4109; x_wconf 76' lang='grc' dir='ltr'>μὴ</span> <span class='ocrx_word' id='word_1_636' title='bbox 1724 4036 1789 4095; x_wconf 86' lang='grc' dir='ltr'>ἀπο-</span> 
     </span>
    </p>

    <p class='ocr_par' dir='ltr' id='par_1_16' title="bbox 179 4109 1790 4201">
     <span class='ocr_line' id='line_1_44' title="bbox 179 4109 1790 4201; baseline 0.002 -28"><span class='ocrx_word' id='word_1_637' title='bbox 179 4112 283 4187; x_wconf 80' lang='grc' dir='ltr'>ξυνέόη]</span> <span class='ocrx_word' id='word_1_638' title='bbox 301 4112 354 4173; x_wconf 80' lang='grc' dir='ltr'>ἀπὸ</span> <span class='ocrx_word' id='word_1_639' title='bbox 367 4116 468 4184; x_wconf 89' lang='grc' dir='ltr'>κοινοῦ,</span> <span class='ocrx_word' id='word_1_640' title='bbox 478 4109 618 4183; x_wconf 84' lang='grc' dir='ltr'>ἐδουλώθη.</span> <span class='ocrx_word' id='word_1_641' title='bbox 1007 4110 1105 4168; x_wconf 85' lang='grc' dir='ltr'>κτεῖναι</span> <span class='ocrx_word' id='word_1_642' title='bbox 1115 4109 1221 4183; x_wconf 80' lang='grc' dir='ltr'>αὐτοὺς,</span> <span class='ocrx_word' id='word_1_643' title='bbox 1233 4111 1295 4171; x_wconf 88' lang='grc' dir='ltr'>δέκα</span> <span class='ocrx_word' id='word_1_644' title='bbox 1307 4113 1351 4187; x_wconf 81' lang='grc' dir='ltr'>ἐτη</span> <span class='ocrx_word' id='word_1_645' title='bbox 1362 4114 1522 4187; x_wconf 75' lang='grc' dir='ltr'>ποιήσαντας</span> <span class='ocrx_word' id='word_1_646' title='bbox 1531 4118 1558 4174; x_wconf 89' lang='grc' dir='ltr'>ἐν</span> <span class='ocrx_word' id='word_1_647' title='bbox 1568 4120 1606 4198; x_wconf 80' lang='grc' dir='ltr'>τῷ</span> <span class='ocrx_word' id='word_1_648' title='bbox 1617 4117 1737 4201; x_wconf 79' lang='grc' dir='ltr'>πολέμῳ.</span> <span class='ocrx_word' id='word_1_649' title='bbox 1751 4156 1790 4167; x_wconf 92' lang='grc'>-</span> 
     </span>
    </p>

    <p class='ocr_par' dir='ltr' id='par_1_17' title="bbox 176 4195 1822 4373">
     <span class='ocr_line' id='line_1_45' title="bbox 217 4195 1788 4286; baseline 0.003 -22"><span class='ocrx_word' id='word_1_650' title='bbox 217 4202 318 4263; x_wconf 83' lang='lat' dir='ltr'><strong>XCIX.</strong></span> <span class='ocrx_word' id='word_1_651' title='bbox 338 4195 471 4279; x_wconf 76' lang='grc' dir='ltr'>Ἐκδειαι]</span> <span class='ocrx_word' id='word_1_652' title='bbox 484 4197 716 4271; x_wconf 87' lang='grc' dir='ltr'>ἐκδειαιέκούσιον,</span> <span class='ocrx_word' id='word_1_653' title='bbox 724 4197 820 4257; x_wconf 88' lang='grc' dir='ltr'>ένδειαι</span> <span class='ocrx_word' id='word_1_654' title='bbox 828 4197 961 4262; x_wconf 88' lang='grc' dir='ltr'>ἀκούσιον.</span> <span class='ocrx_word' id='word_1_655' title='bbox 1007 4196 1150 4275; x_wconf 73' lang='grc' dir='ltr'>Ἰθωμάτα]</span> <span class='ocrx_word' id='word_1_656' title='bbox 1168 4199 1292 4279; x_wconf 90' lang='grc' dir='ltr'>Δωριστί.</span> <span class='ocrx_word' id='word_1_657' title='bbox 1307 4240 1338 4252; x_wconf 89' lang='lat'>-</span> <span class='ocrx_word' id='word_1_658' title='bbox 1351 4222 1372 4263; x_wconf 85' lang='grc' dir='ltr'>υ.</span> <span class='ocrx_word' id='word_1_659' title='bbox 1387 4202 1502 4284; x_wconf 84' lang='grc' dir='ltr'>Ἔτυχον</span> <span class='ocrx_word' id='word_1_660' title='bbox 1518 4204 1657 4286; x_wconf 77' lang='grc' dir='ltr'>ᾑρηκότες]</span> <span class='ocrx_word' id='word_1_661' title='bbox 1673 4208 1732 4266; x_wconf 77' lang='grc' dir='ltr'>ἀντὶ</span> <span class='ocrx_word' id='word_1_662' title='bbox 1745 4214 1788 4269; x_wconf 71' lang='grc' dir='ltr'>τοῦ</span> 
     </span>
     <span class='ocr_line' id='line_1_46' title="bbox 176 4284 1822 4373; baseline 0.003 -24"><span class='ocrx_word' id='word_1_663' title='bbox 176 4287 290 4357; x_wconf 85' lang='grc' dir='ltr'>Ἄλλως·</span> <span class='ocrx_word' id='word_1_664' title='bbox 307 4288 419 4362; x_wconf 85' lang='grc' dir='ltr'>ίκδειαι,</span> <span class='ocrx_word' id='word_1_665' title='bbox 443 4291 490 4349; x_wconf 82' lang='grc' dir='ltr'>οὔκ</span> <span class='ocrx_word' id='word_1_666' title='bbox 512 4286 620 4347; x_wconf 87' lang='grc' dir='ltr'>ἐνδειαι·</span> <span class='ocrx_word' id='word_1_667' title='bbox 642 4284 775 4346; x_wconf 91' lang='grc' dir='ltr'>τουτέστιν</span> <span class='ocrx_word' id='word_1_668' title='bbox 799 4287 962 4368; x_wconf 79' lang='grc' dir='ltr'>ἀπολείψεις,</span> <span class='ocrx_word' id='word_1_669' title='bbox 1007 4284 1164 4366; x_wconf 87' lang='grc' dir='ltr'>ἐκράτησαν.</span> <span class='ocrx_word' id='word_1_670' title='bbox 1174 4320 1213 4332; x_wconf 73' lang='lat'>··-</span> <span class='ocrx_word' id='word_1_671' title='bbox 1223 4307 1244 4346; x_wconf 80' lang='grc' dir='ltr'>ι.</span> <span class='ocrx_word' id='word_1_672' title='bbox 1259 4290 1478 4371; x_wconf 87' lang='grc' dir='ltr'>Προςιχιύρησαν]</span> <span class='ocrx_word' id='word_1_673' title='bbox 1493 4295 1644 4373; x_wconf 72' lang='grc' dir='ltr'>προσῆλθον.</span> <span class='ocrx_word' id='word_1_674' title='bbox 1656 4294 1788 4355; x_wconf 81' lang='grc' dir='ltr'>οῦκέόού·</span> <span class='ocrx_word' id='word_1_675' title='bbox 1799 4324 1822 4365; x_wconf 73' lang='grc' dir='ltr'>ις</span> 
     </span>
    </p>

    <p class='ocr_par' dir='ltr' id='par_1_18' title="bbox 138 4371 1790 4464">
     <span class='ocr_line' id='line_1_47' title="bbox 138 4371 1790 4464; baseline 0.001 -24"><span class='ocrx_word' id='word_1_676' title='bbox 138 4399 165 4440; x_wconf 79' lang='grc' dir='ltr'>ιε</span> <span class='ocrx_word' id='word_1_677' title='bbox 179 4376 304 4438; x_wconf 82' lang='grc' dir='ltr'>ἀτέλειαι.</span> <span class='ocrx_word' id='word_1_678' title='bbox 314 4374 617 4455; x_wconf 87' lang='grc' dir='ltr'>-Δειποστράτιον]τδ</span> <span class='ocrx_word' id='word_1_679' title='bbox 628 4372 665 4452; x_wconf 73' lang='grc' dir='ltr'>με]</span> <span class='ocrx_word' id='word_1_680' title='bbox 676 4374 759 4432; x_wconf 87' lang='grc' dir='ltr'>θέλειν</span> <span class='ocrx_word' id='word_1_681' title='bbox 767 4373 961 4454; x_wconf 89' lang='grc' dir='ltr'>στρατεύεσθαι.</span> <span class='ocrx_word' id='word_1_682' title='bbox 1006 4375 1082 4432; x_wconf 88' lang='grc' dir='ltr'>λοντο</span> <span class='ocrx_word' id='word_1_683' title='bbox 1103 4371 1155 4452; x_wconf 79' lang='grc' dir='ltr'>γὰρ</span> <span class='ocrx_word' id='word_1_684' title='bbox 1173 4375 1260 4442; x_wconf 80' lang='grc' dir='ltr'>αὐτοῖς</span> <span class='ocrx_word' id='word_1_685' title='bbox 1281 4379 1383 4454; x_wconf 86' lang='grc' dir='ltr'>βοηθεῖν</span> <span class='ocrx_word' id='word_1_686' title='bbox 1405 4381 1428 4437; x_wconf 87' lang='grc' dir='ltr'>οί</span> <span class='ocrx_word' id='word_1_687' title='bbox 1447 4377 1659 4456; x_wconf 87' lang='grc' dir='ltr'>Λακεδαιμόνιοι.</span> <span class='ocrx_word' id='word_1_688' title='bbox 1672 4419 1706 4433; x_wconf 83' lang='lat'>·-</span> <span class='ocrx_word' id='word_1_689' title='bbox 1722 4384 1790 4464; x_wconf 84' lang='grc' dir='ltr'>Περί</span> 
     </span>
    </p>

    <p class='ocr_par' dir='ltr' id='par_1_19' title="bbox 69 4457 1812 4811">
     <span class='ocr_line' id='line_1_48' title="bbox 69 4457 1793 4547; baseline 0.003 -24"><span class='ocrx_word' id='word_1_690' title='bbox 69 4476 83 4498; x_wconf 85' lang='grc'><em>·</em></span> <span class='ocrx_word' id='word_1_691' title='bbox 177 4499 219 4511; x_wconf 92' lang='grc'>--</span> <span class='ocrx_word' id='word_1_692' title='bbox 237 4464 363 4546; x_wconf 81' lang='grc' dir='ltr'>Ἀκριόῶς</span> <span class='ocrx_word' id='word_1_693' title='bbox 382 4464 526 4545; x_wconf 85' lang='grc' dir='ltr'>ἔπρασσον]</span> <span class='ocrx_word' id='word_1_694' title='bbox 548 4462 665 4541; x_wconf 71' lang='grc' dir='ltr'>ἀπῄτουν</span> <span class='ocrx_word' id='word_1_695' title='bbox 686 4461 834 4529; x_wconf 85' lang='grc' dir='ltr'>ἀνενδότως.</span> <span class='ocrx_word' id='word_1_696' title='bbox 850 4497 890 4508; x_wconf 92' lang='grc'>-</span> <span class='ocrx_word' id='word_1_697' title='bbox 903 4464 963 4524; x_wconf 84' lang='grc' dir='ltr'>Οὐκ</span> <span class='ocrx_word' id='word_1_698' title='bbox 1006 4465 1054 4539; x_wconf 73' lang='grc' dir='ltr'>γῆς</span> <span class='ocrx_word' id='word_1_699' title='bbox 1076 4460 1142 4540; x_wconf 86' lang='grc' dir='ltr'>δρων</span> <span class='ocrx_word' id='word_1_700' title='bbox 1165 4462 1273 4544; x_wconf 84' lang='grc' dir='ltr'>πολέμῳ</span> <span class='ocrx_word' id='word_1_701' title='bbox 1291 4466 1424 4544; x_wconf 83' lang='grc' dir='ltr'>κατεῖχον]</span> <span class='ocrx_word' id='word_1_702' title='bbox 1444 4465 1574 4547; x_wconf 88' lang='grc' dir='ltr'>ἐμάχοντο</span> <span class='ocrx_word' id='word_1_703' title='bbox 1595 4468 1683 4535; x_wconf 81' lang='grc' dir='ltr'>αὐτοῖς</span> <span class='ocrx_word' id='word_1_704' title='bbox 1704 4457 1793 4530; x_wconf 34' lang='grc' dir='ltr'>ἕνεκεν·</span> 
     </span>
     <span class='ocr_line' id='line_1_49' title="bbox 179 4548 1788 4635; baseline 0.003 -23"><span class='ocrx_word' id='word_1_705' title='bbox 179 4552 307 4631; x_wconf 78' lang='grc' dir='ltr'>εἰωθόσιν]</span> <span class='ocrx_word' id='word_1_706' title='bbox 320 4560 372 4621; x_wconf 88' lang='grc' dir='ltr'>τοῖς</span> <span class='ocrx_word' id='word_1_707' title='bbox 382 4548 523 4623; x_wconf 81' lang='grc' dir='ltr'>Ἕλλησιν.</span> <span class='ocrx_word' id='word_1_708' title='bbox 536 4586 575 4597; x_wconf 89' lang='grc'>-</span> <span class='ocrx_word' id='word_1_709' title='bbox 588 4571 610 4612; x_wconf 79' lang='grc' dir='ltr'>ν.</span> <span class='ocrx_word' id='word_1_710' title='bbox 624 4549 723 4610; x_wconf 83' lang='grc' dir='ltr'>Οὐκέτι</span> <span class='ocrx_word' id='word_1_711' title='bbox 734 4550 868 4628; x_wconf 85' lang='grc' dir='ltr'>θμοίωςέν</span> <span class='ocrx_word' id='word_1_712' title='bbox 882 4552 962 4631; x_wconf 74' lang='grc' dir='ltr'>ἡδονῇ</span> <span class='ocrx_word' id='word_1_713' title='bbox 1007 4550 1083 4631; x_wconf 84' lang='grc' dir='ltr'>ὁρίων</span> <span class='ocrx_word' id='word_1_714' title='bbox 1104 4553 1151 4621; x_wconf 81' lang='grc' dir='ltr'>τῆς</span> <span class='ocrx_word' id='word_1_715' title='bbox 1170 4552 1227 4626; x_wconf 77' lang='grc' dir='ltr'>γῆς.</span> <span class='ocrx_word' id='word_1_716' title='bbox 1242 4589 1272 4601; x_wconf 95' lang='grc'>-</span> <span class='ocrx_word' id='word_1_717' title='bbox 1287 4553 1390 4631; x_wconf 88' lang='grc' dir='ltr'>Πηγάς]</span> <span class='ocrx_word' id='word_1_718' title='bbox 1416 4555 1507 4633; x_wconf 81' lang='grc' dir='ltr'>Πηγαλ</span> <span class='ocrx_word' id='word_1_719' title='bbox 1528 4553 1653 4635; x_wconf 87' lang='grc' dir='ltr'>ἐμπόριον</span> <span class='ocrx_word' id='word_1_720' title='bbox 1676 4558 1788 4629; x_wconf 90' lang='grc' dir='ltr'>πλησίον</span> 
     </span>
     <span class='ocr_line' id='line_1_50' title="bbox 180 4637 1788 4724; baseline -0.001 -26"><span class='ocrx_word' id='word_1_721' title='bbox 180 4639 315 4721; x_wconf 77' lang='grc' dir='ltr'>ἄρχοντες]</span> <span class='ocrx_word' id='word_1_722' title='bbox 329 4644 364 4707; x_wconf 85' lang='grc' dir='ltr'>ὡς</span> <span class='ocrx_word' id='word_1_723' title='bbox 382 4643 409 4699; x_wconf 86' lang='grc' dir='ltr'>ἐν</span> <span class='ocrx_word' id='word_1_724' title='bbox 424 4642 493 4722; x_wconf 83' lang='grc' dir='ltr'>ἀρχῇ</span> <span class='ocrx_word' id='word_1_725' title='bbox 513 4637 580 4717; x_wconf 86' lang='grc' dir='ltr'>μετδι</span> <span class='ocrx_word' id='word_1_726' title='bbox 598 4638 642 4697; x_wconf 78' lang='grc' dir='ltr'>τὸν</span> <span class='ocrx_word' id='word_1_727' title='bbox 663 4637 827 4698; x_wconf 89' lang='grc' dir='ltr'>Παυσανίαν·</span> <span class='ocrx_word' id='word_1_728' title='bbox 852 4639 910 4698; x_wconf 88' lang='grc' dir='ltr'>ἀλλ’</span> <span class='ocrx_word' id='word_1_729' title='bbox 928 4644 979 4708; x_wconf 80' lang='grc' dir='ltr'>ὡς·</span> <span class='ocrx_word' id='word_1_730' title='bbox 1007 4637 1318 4717; x_wconf 73' lang='grc' dir='ltr'>Μεγάρων-Νίσαιαν]</span> <span class='ocrx_word' id='word_1_731' title='bbox 1334 4641 1433 4701; x_wconf 89' lang='grc' dir='ltr'>Νίσαια</span> <span class='ocrx_word' id='word_1_732' title='bbox 1447 4642 1527 4719; x_wconf 75' lang='grc' dir='ltr'>λιμὴν</span> <span class='ocrx_word' id='word_1_733' title='bbox 1538 4643 1719 4724; x_wconf 84' lang='grc' dir='ltr'>Μεγάρων...·.</span> <span class='ocrx_word' id='word_1_734' title='bbox 1732 4647 1788 4707; x_wconf 73' lang='grc' dir='ltr'>Αὐ-</span> 
     </span>
     <span class='ocr_line' id='line_1_51' title="bbox 180 4704 1812 4811; baseline 0 -23"><span class='ocrx_word' id='word_1_735' title='bbox 180 4704 303 4811; x_wconf 85' lang='grc' dir='ltr'>ἀρχοντες</span> <span class='ocrx_word' id='word_1_736' title='bbox 327 4729 451 4796; x_wconf 82' lang='grc' dir='ltr'>δουλικῶς</span> <span class='ocrx_word' id='word_1_737' title='bbox 478 4731 592 4807; x_wconf 84' lang='grc' dir='ltr'>ἐχρῶντο</span> <span class='ocrx_word' id='word_1_738' title='bbox 614 4734 667 4792; x_wconf 87' lang='grc' dir='ltr'>τοῖς</span> <span class='ocrx_word' id='word_1_739' title='bbox 691 4725 850 4806; x_wconf 88' lang='grc' dir='ltr'>συμμάχοις.</span> <span class='ocrx_word' id='word_1_740' title='bbox 875 4728 906 4786; x_wconf 88' lang='grc' dir='ltr'>τὸ</span> <span class='ocrx_word' id='word_1_741' title='bbox 935 4726 963 4788; x_wconf 84' lang='grc' dir='ltr'>δέ</span> <span class='ocrx_word' id='word_1_742' title='bbox 1006 4725 1057 4804; x_wconf 90' lang='grc' dir='ltr'>τοί]</span> <span class='ocrx_word' id='word_1_743' title='bbox 1070 4729 1094 4786; x_wconf 90' lang='grc' dir='ltr'>οί</span> <span class='ocrx_word' id='word_1_744' title='bbox 1111 4727 1248 4800; x_wconf 82' lang='grc' dir='ltr'>Ἀθηναῖοι.</span> <span class='ocrx_word' id='word_1_745' title='bbox 1262 4728 1365 4789; x_wconf 85' lang='grc' dir='ltr'>-Ἀπδ</span> <span class='ocrx_word' id='word_1_746' title='bbox 1379 4731 1465 4809; x_wconf 91' lang='grc' dir='ltr'>τοῦδε]</span> <span class='ocrx_word' id='word_1_747' title='bbox 1479 4736 1523 4788; x_wconf 89' lang='grc' dir='ltr'>τοῦ</span> <span class='ocrx_word' id='word_1_748' title='bbox 1537 4730 1643 4811; x_wconf 87' lang='grc' dir='ltr'>τρόπον.</span> <span class='ocrx_word' id='word_1_749' title='bbox 1787 4765 1812 4808; x_wconf 72' lang='lat' dir='ltr'><strong><em>m</em></strong></span> 
     </span>
    </p>

    <p class='ocr_par' dir='ltr' id='par_1_20' title="bbox 140 4814 1789 5169">
     <span class='ocr_line' id='line_1_52' title="bbox 140 4814 1787 4899; baseline 0.002 -25"><span class='ocrx_word' id='word_1_750' title='bbox 140 4833 167 4874; x_wconf 85' lang='grc' dir='ltr'>υο</span> <span class='ocrx_word' id='word_1_751' title='bbox 180 4820 206 4876; x_wconf 84' lang='grc' dir='ltr'>ἐν</span> <span class='ocrx_word' id='word_1_752' title='bbox 220 4819 319 4897; x_wconf 75' lang='grc' dir='ltr'>ἡδονῇ,</span> <span class='ocrx_word' id='word_1_753' title='bbox 334 4817 390 4876; x_wconf 83' lang='grc' dir='ltr'>ἀντί</span> <span class='ocrx_word' id='word_1_754' title='bbox 412 4821 457 4876; x_wconf 84' lang='grc' dir='ltr'>τοῦ</span> <span class='ocrx_word' id='word_1_755' title='bbox 476 4815 620 4898; x_wconf 80' lang='grc' dir='ltr'>ἱλαρότητι.</span> <span class='ocrx_word' id='word_1_756' title='bbox 644 4850 675 4860; x_wconf 92' lang='grc'>-</span> <span class='ocrx_word' id='word_1_757' title='bbox 696 4814 889 4895; x_wconf 90' lang='grc' dir='ltr'>Προςόγεσθαι]</span> <span class='ocrx_word' id='word_1_758' title='bbox 903 4817 963 4875; x_wconf 91' lang='grc' dir='ltr'>δου-</span> <span class='ocrx_word' id='word_1_759' title='bbox 1047 4817 1122 4877; x_wconf 84' lang='lat' dir='ltr'>CIV.</span> <span class='ocrx_word' id='word_1_760' title='bbox 1146 4816 1227 4899; x_wconf 81' lang='grc' dir='ltr'>Ὑπὲρ</span> <span class='ocrx_word' id='word_1_761' title='bbox 1248 4816 1353 4897; x_wconf 84' lang='grc' dir='ltr'>Φάρου]</span> <span class='ocrx_word' id='word_1_762' title='bbox 1374 4816 1464 4897; x_wconf 84' lang='grc' dir='ltr'>Φάρος</span> <span class='ocrx_word' id='word_1_763' title='bbox 1483 4822 1560 4890; x_wconf 79' lang='grc' dir='ltr'>νῆσος</span> <span class='ocrx_word' id='word_1_764' title='bbox 1579 4817 1660 4899; x_wconf 74' lang='grc' dir='ltr'>μικρὰ</span> <span class='ocrx_word' id='word_1_765' title='bbox 1675 4819 1728 4899; x_wconf 88' lang='grc' dir='ltr'>πρδ</span> <span class='ocrx_word' id='word_1_766' title='bbox 1741 4823 1787 4895; x_wconf 80' lang='grc' dir='ltr'>τῆς</span> 
     </span>
     <span class='ocr_line' id='line_1_53' title="bbox 179 4901 1789 4986; baseline -0.001 -22"><span class='ocrx_word' id='word_1_767' title='bbox 179 4905 251 4966; x_wconf 88' lang='grc' dir='ltr'>λοῦν.</span> <span class='ocrx_word' id='word_1_768' title='bbox 266 4940 307 4950; x_wconf 98' lang='grc'><strong>-</strong></span> <span class='ocrx_word' id='word_1_769' title='bbox 315 4924 337 4965; x_wconf 79' lang='grc' dir='ltr'>ο.</span> <span class='ocrx_word' id='word_1_770' title='bbox 348 4903 400 4964; x_wconf 81' lang='grc' dir='ltr'>Διά</span> <span class='ocrx_word' id='word_1_771' title='bbox 412 4903 464 4986; x_wconf 86' lang='grc' dir='ltr'>γάρ</span> <span class='ocrx_word' id='word_1_772' title='bbox 477 4907 525 4976; x_wconf 75' lang='grc' dir='ltr'>την</span> <span class='ocrx_word' id='word_1_773' title='bbox 540 4903 695 4983; x_wconf 88' lang='grc' dir='ltr'>ἀπόκνησιν]</span> <span class='ocrx_word' id='word_1_774' title='bbox 705 4901 751 4974; x_wconf 71' lang='grc' dir='ltr'>τὴν</span> <span class='ocrx_word' id='word_1_775' title='bbox 762 4903 902 4976; x_wconf 76' lang='grc' dir='ltr'>ἀναθολήν.</span> <span class='ocrx_word' id='word_1_776' title='bbox 915 4902 962 4975; x_wconf 70' lang='grc' dir='ltr'>τὴν</span> <span class='ocrx_word' id='word_1_777' title='bbox 1007 4902 1207 4985; x_wconf 77' lang='grc' dir='ltr'>Ἀλεξανδρείας.</span> <span class='ocrx_word' id='word_1_778' title='bbox 1223 4943 1253 4956; x_wconf 89' lang='grc'>-</span> <span class='ocrx_word' id='word_1_779' title='bbox 1266 4903 1434 4978; x_wconf 88' lang='grc' dir='ltr'>Ἀπέστησεν]</span> <span class='ocrx_word' id='word_1_780' title='bbox 1452 4905 1573 4977; x_wconf 85' lang='grc' dir='ltr'>ἐποίησεν</span> <span class='ocrx_word' id='word_1_781' title='bbox 1589 4910 1748 4981; x_wconf 70' lang='grc' dir='ltr'>ἀποστῆναι.</span> <span class='ocrx_word' id='word_1_782' title='bbox 1759 4948 1789 4963; x_wconf 91' lang='grc'>...</span> 
     </span>
     <span class='ocr_line' id='line_1_54' title="bbox 180 4987 1789 5100; baseline 0.004 -51"><span class='ocrx_word' id='word_1_783' title='bbox 180 4991 266 5050; x_wconf 84' lang='grc' dir='ltr'>αἰτίαν</span> <span class='ocrx_word' id='word_1_784' title='bbox 288 4989 415 5100; x_wconf 69' lang='grc' dir='ltr'>ἐπιφέρει·</span> <span class='ocrx_word' id='word_1_785' title='bbox 437 4989 481 5049; x_wconf 80' lang='grc' dir='ltr'>διδ</span> <span class='ocrx_word' id='word_1_786' title='bbox 501 4989 546 5050; x_wconf 82' lang='grc' dir='ltr'>τὸν</span> <span class='ocrx_word' id='word_1_787' title='bbox 564 4990 639 5049; x_wconf 80' lang='grc' dir='ltr'>ὄκνον</span> <span class='ocrx_word' id='word_1_788' title='bbox 653 4995 699 5049; x_wconf 89' lang='grc' dir='ltr'>τοῦ</span> <span class='ocrx_word' id='word_1_789' title='bbox 713 4988 909 5071; x_wconf 88' lang='grc' dir='ltr'>στρατεύεσθαι.</span> <span class='ocrx_word' id='word_1_790' title='bbox 923 5025 964 5038; x_wconf 92' lang='grc'>-</span> <span class='ocrx_word' id='word_1_791' title='bbox 1007 4987 1123 5074; x_wconf 88' lang='grc' dir='ltr'>Ἄρχων]</span> <span class='ocrx_word' id='word_1_792' title='bbox 1142 4996 1190 5064; x_wconf 81' lang='grc' dir='ltr'>τῆς</span> <span class='ocrx_word' id='word_1_793' title='bbox 1211 4993 1381 5061; x_wconf 83' lang='grc' dir='ltr'>ἀποστάσεως</span> <span class='ocrx_word' id='word_1_794' title='bbox 1406 4992 1536 5064; x_wconf 89' lang='grc' dir='ltr'>δηλονότι.</span> <span class='ocrx_word' id='word_1_795' title='bbox 1555 5034 1588 5046; x_wconf 93' lang='grc'>-</span> <span class='ocrx_word' id='word_1_796' title='bbox 1608 4991 1789 5080; x_wconf 80' lang='grc' dir='ltr'>Ἔπηγάγετο]</span> 
     </span>
     <span class='ocr_line' id='line_1_55' title="bbox 181 5074 1789 5169; baseline 0.006 -28"><span class='ocrx_word' id='word_1_797' title='bbox 181 5074 239 5141; x_wconf 85' lang='grc' dir='ltr'>Ἀπ’</span> <span class='ocrx_word' id='word_1_798' title='bbox 253 5076 330 5158; x_wconf 84' lang='grc' dir='ltr'>Ιοίιιου</span> <span class='ocrx_word' id='word_1_799' title='bbox 348 5077 425 5157; x_wconf 87' lang='grc' dir='ltr'>ωσιν]</span> <span class='ocrx_word' id='word_1_800' title='bbox 443 5077 635 5156; x_wconf 76' lang='grc' dir='ltr'>ἀποδημήσωσι</span> <span class='ocrx_word' id='word_1_801' title='bbox 653 5082 699 5150; x_wconf 77' lang='grc' dir='ltr'>τῆς</span> <span class='ocrx_word' id='word_1_802' title='bbox 718 5076 851 5160; x_wconf 90' lang='grc' dir='ltr'>πατρίδος.</span> <span class='ocrx_word' id='word_1_803' title='bbox 866 5113 904 5125; x_wconf 86' lang='lat'>···</span> <span class='ocrx_word' id='word_1_804' title='bbox 925 5078 965 5140; x_wconf 88' lang='grc' dir='ltr'>Τδ</span> <span class='ocrx_word' id='word_1_805' title='bbox 1007 5080 1189 5156; x_wconf 83' lang='grc' dir='ltr'>ἐπεσπάσατο,</span> <span class='ocrx_word' id='word_1_806' title='bbox 1210 5084 1246 5150; x_wconf 85' lang='grc' dir='ltr'>είς</span> <span class='ocrx_word' id='word_1_807' title='bbox 1266 5080 1421 5162; x_wconf 81' lang='grc' dir='ltr'>συμμαχίαν</span> <span class='ocrx_word' id='word_1_808' title='bbox 1443 5081 1571 5154; x_wconf 88' lang='grc' dir='ltr'>δηλονότι.</span> <span class='ocrx_word' id='word_1_809' title='bbox 1585 5121 1617 5135; x_wconf 91' lang='grc'>-</span> <span class='ocrx_word' id='word_1_810' title='bbox 1635 5104 1658 5148; x_wconf 79' lang='grc' dir='ltr'>ν.</span> <span class='ocrx_word' id='word_1_811' title='bbox 1677 5075 1789 5169; x_wconf 81' lang='grc' dir='ltr'>Ἦλθον]</span> 
     </span>
    </p>
   </div>
   <div class='ocr_carea' id='block_1_3' title="bbox 0 0 1842 5828">
    <p class='ocr_par' dir='ltr' id='par_1_21' title="bbox 0 0 1842 5828">
     <span class='ocr_line' id='line_1_56' title="bbox 0 0 1842 5828; baseline 0 0"><span class='ocrx_word' id='word_1_812' title='bbox 0 0 1842 5828; x_wconf 95' lang='lat' dir='ltr'> </span> 
     </span>
    </p>
   </div>
  </div>
 </body>
</html>
