3676 5828
574 350 767 415 HISTORtAE
789 353 860 413 Lib.
883 353 969 431 Viti,
992 364 1028 414 ao
1043 387 1082 397 --
1097 365 1143 415 ao.
1613 369 1665 418 aar

65 489 160 548 αὐτίκα
175 489 274 564 μᾶλλον
289 483 306 558 ἢ
319 485 435 568 ύστερον,
447 486 494 543 οὐκ
504 487 529 552 ές
542 490 618 545 τοῦτο
628 485 708 564 μόνον
719 482 788 543 etih
798 482 844 542 καί
889 491 1029 554 prasentia,
1047 503 1119 554 quam
1132 493 1229 553 postea,
1245 502 1290 539 uae
1308 490 1331 539 in
1348 490 1396 540 hoe
1415 493 1508 540 tantum
1515 526 1523 551 ‚
1542 490 1669 540 sedetiam

64 580 90 644 ές
103 576 152 635 όσα
164 577 232 634 ἅλλα
244 574 378 655 Φρύνιχος
388 573 512 646 κατέστη,
522 576 569 633 οὐκ
581 573 700 641 δξύνετος
711 564 785 631 εἶναι.
808 571 844 650 (ι)
865 572 867 577 ”
888 578 912 626 in
929 578 1041 628 omnibus
1061 578 1114 627 ahis
1132 578 1246 639 negotiis,
1257 590 1313 641 quae
1330 578 1353 627 ei
1364 577 1472 640 delegata
1482 583 1552 637 sunt,
1565 591 1613 628 non
1625 580 1669 628 im·

64 665 120 724 Καί
133 667 156 722 σί
168 661 214 740 μέν
223 664 352 734 Ἀθηναῖοι
360 661 403 743 ἄρ’
413 660 523 739 ἑσπέρας
532 660 603 728 εὐθὺς
614 658 698 741 τούτῳ
708 665 746 741 τῷ
755 659 845 741 τρόπῳ
888 665 993 730 prudens
1003 679 1064 717 esse.
1097 665 1439 728 (o)iiunetgttnrinnsodurn
1451 665 1609 716 Athenienses
1625 671 1670 716 sta

63 754 150 810 ἀτελεῖ
168 755 200 830 τῇ
218 750 277 829 νίκῃ
295 749 348 808 ἀπὸ
368 754 414 820 τῆς
434 749 553 820 Μιλήτου
576 747 732 820 ἀνέστησαν,
752 747 798 806 καί
820 749 844 805 σί
888 755 932 803 tim
951 753 997 803 snb
1015 766 1140 817 vesperam
1156 752 1294 815 imperfecto
1315 752 1412 802 victoria
1429 766 1443 801 a
1461 752 1543 803 Mileto
1553 753 1669 804 discesse-

63 840 173 919 ’Λργεῑοι
185 837 254 896 κατὰ
265 837 345 916 τάχος
357 837 402 896 καί
412 837 476 918 πρδς
486 835 565 917 ὀργὴν
576 841 622 907 τῆς
636 836 768 916 ξυμφορᾶς
778 832 843 892 ἀπέ·
887 846 952 903 rnnt;
957 846 982 892 et
988 842 1067 904 Argivi
1074 839 1264 905 propterehdem
1271 845 1393 904 arreptam
1400 841 1453 890 irati
1458 855 1487 890 ex
1494 844 1565 892 samo
1571 841 1668 893 domum

62 929 179 985 πλευσαν
191 929 276 996 ἔκτῆς
290 925 382 1002 Σάμου
397 925 528 983 ἐπὀἷκου·
887 930 1130 991 oeieriterabiernnt;

102 1016 231 1076 xxviii.
251 1016 275 1071 οἱ
300 1011 328 1071 δέ
346 1011 551 1082 Πελοποννήσιοι
566 1010 622 1089 ἅμα
640 1014 673 1088 τῇ
693 1007 728 1090 tp
746 1011 777 1068 έκ
795 1013 843 1080 τῆς
918 1021 1028 1068 xxviii.
1046 1017 1211 1087 Peloponnesii
1224 1021 1305 1066 autem
1318 1017 1371 1080 ipso
1389 1017 1469 1066 statim
1481 1017 1613 1068 dituculoe
1629 1019 1668 1068 Ti·

61 1106 235 1182 Τειχιούσσης
260 1100 370 1180 ἄραντες
391 1099 614 1179 ἐπικατόγονται,
636 1098 682 1157 καί
710 1096 843 1174 μείναντες
886 1106 983 1155 chiussa
999 1105 1098 1168 proiecti
1114 1103 1579 1167 postiilosadhtietumappeltunt,et
1594 1118 1668 1154 unum

60 1189 162 1269 ἡμέραν
177 1188 250 1265 μίαν,
264 1192 296 1267 τῇ
312 1186 436 1268 ὑστεραίᾳ
450 1187 496 1245 καί
510 1185 556 1252 τὰς
570 1184 638 1252 Χίας
654 1190 715 1251 ναῦς
727 1186 843 1266 προσλα-
886 1192 950 1242 diem
971 1192 1071 1252 morati,
1091 1191 1206 1255 postridie
1227 1192 1360 1253 assumptis
1376 1191 1450 1240 etiam
1467 1191 1568 1240 navibus
1585 1191 1667 1248 chiis,

62 1276 150 1344 6όντες
161 1275 206 1343 τδις
218 1275 285 1354 μετὰ
295 1273 447 1341 Χαλκιδέως
456 1274 485 1333 τό
496 1277 599 1354 πρῶτον
608 1272 844 1352 ξυγκαταδιωχθεί-
887 1294 947 1343 quas
957 1294 1014 1329 eum
1026 1279 1155 1330 Chalcideo
1166 1279 1288 1330 venientes
1298 1279 1404 1329 bostium
1412 1278 1496 1329 elassis
1506 1284 1561 1330 ante
1572 1284 1623 1329 erat
1635 1280 1668 1328 in·

62 1388 123 1436 σας,
142 1363 280 1423 έόοόλοντο
299 1365 410 1422 πλεῦσαι
433 1363 476 1421 ἐπί
501 1361 535 1420 τὰ
553 1360 634 1432 σκεύη
649 1360 666 1418 δ
679 1359 804 1429 ἐξείλοντο
818 1363 844 1427 ές
886 1372 982 1429 secuta,
1005 1368 1116 1418 roiebunt
1136 1371 1200 1418 retro
1222 1367 1332 1429 navigare
1355 1366 1385 1416 ad
1406 1367 1577 1430 impedimenta
1592 1381 1669 1418 arena·

61 1457 237 1533 Τειχιοῦσσαν
258 1450 347 1510 πόλιν.
389 1453 418 1528 (a)
438 1449 492 1510 Καὶ
509 1454 543 1516 ὡς
556 1441 644 1521 ἦλθον,
661 1447 843 1529 Τισσαρέρνης
887 1455 974 1516 seoda,
986 1469 1041 1518 qum
1051 1454 1081 1504 ad
1093 1455 1245 1505 'iichiussum
1256 1459 1424 1518 exposuerant.
1446 1455 1479 1516 (t)
1489 1458 1520 1504 Et
1528 1468 1603 1518 quum
1613 1455 1670 1504 iiiue

60 1544 100 1622 τῷ
116 1544 186 1621 πεζῷ
206 1537 343 1621 παρελθὼν
366 1536 449 1596 πείθει
476 1535 568 1603 αὐτούς
589 1536 632 1595 ἐπὶ
652 1533 751 1608 Ἴασον,
774 1538 801 1593 ἐν
824 1528 843 1614 ᾖ
886 1544 1062 1607 pervenissent,
1075 1542 1247 1605 Tissaphernes
1260 1555 1317 1591 eum
1326 1555 1370 1591 suo
1381 1541 1488 1606 peditatu
1500 1541 1576 1592 adfuit
1592 1543 1669 1606 iisque

62 1629 190 1710 Ἀμόργης
204 1626 329 1704 πολέμιος
344 1623 379 1683 ὧν
394 1629 514 1704 κατεῖχε,
530 1627 650 1683 πλεῦσαι.
692 1622 747 1683 Καὶ
758 1645 842 1703 προσ-
886 1632 1016 1695 persuasit,
1033 1635 1060 1680 ut
1076 1629 1193 1681 adversus
1210 1633 1308 1690 lasum,
1327 1630 1369 1680 ubi
1388 1633 1516 1693 Amorgea,
1534 1631 1576 1693 qui
1593 1630 1670 1680 bostis

61 1714 182 1781 όαλόντες
204 1718 237 1792 τῇ
258 1713 338 1794 Ἰάσῳ
357 1711 491 1793 αίρνίδιοι,
506 1711 551 1770 καί
573 1713 603 1770 οὗ
626 1709 842 1791 προσδεχομένων
885 1724 950 1779 erat,
968 1731 995 1769 se
1012 1717 1161 1780 continebat,
1181 1717 1329 1779 navigarent.
1362 1721 1393 1767 Et
1419 1720 1502 1767 Iasum
1520 1721 1617 1780 repente
1633 1731 1669 1780 ng·

61 1803 119 1860 ἀλλ’
134 1800 151 1872 ἢ
166 1799 283 1867 Ἀττικὰς
295 1801 342 1868 τδς
357 1806 419 1866 ναῦς
433 1791 513 1872 εἶναι,
524 1803 649 1880 αἱροῦσιν·
663 1797 708 1857 καί
722 1798 841 1875 μάλιστα
885 1806 972 1869 gressi,
984 1810 1009 1856 et
1018 1805 1076 1868 ipah
1087 1805 1148 1856 nihil
1158 1804 1352 1868 exspectantibus
1364 1804 1410 1855 nisi
1422 1805 1514 1856 Atticas
1523 1819 1598 1855 nares
1605 1819 1668 1866 esse,

63 1891 90 1946 ἐν
102 1892 140 1969 τῷ
151 1888 220 1969 ἔργῳ
236 1891 260 1947 σί
273 1886 432 1968 Συρακόσιοι
443 1885 614 1965 ίπηνέθησαν.
644 1887 674 1964 (a)
690 1885 745 1945 tiri
758 1885 842 1944 τόντε
886 1898 1058 1957 oeperunt;·et
1074 1893 1194 1957 precipua
1211 1893 1293 1944 initio
1311 1893 1357 1943 hoe
1374 1906 1446 1957 opere
1465 1897 1668 1955 Syracusanorum

61 1975 190 2057 Ἀμόργην
215 1979 299 2044 ζῶντα
326 1973 464 2045 λαόόντες,
493 1972 655 2033 Πισσούθνου
682 1971 754 2032 νόθον
779 1972 842 2047 υίόν,
885 1983 945 2031 iaus.
983 1982 1016 2043 (3)
1037 1984 1118 2039 Quum
1137 1981 1208 2042 igitur
1227 1986 1254 2030 et
1276 1985 1408 2041 Amorgen,
1428 1980 1567 2030 Pissnthnae
1593 1980 1668 2029 fitium

62 2067 199 2144 σἰρεστιῗπα
210 2063 236 2122 δὲ
248 2061 388 2141 βασιλέως,
399 2060 588 2142 παραδιδόασιν
599 2064 623 2120 oi
635 2061 842 2133 Πελοποννήσιοι
885 2069 998 2129 nothum,
1016 2067 1059 2130 qni
1081 2081 1096 2116 a
1114 2081 1168 2130 rege
1187 2066 1322 2128 deiecerat,
1343 2067 1425 2116 virum
1443 2067 1575 2130 cepissent,
1593 2067 1669 2117 Tissa·

60 2152 238 2234 Τισσαφέρνει
253 2153 409 2228 ἀπαγαγεῖν,
425 2153 447 2207 εἰ
465 2148 599 2228 βούλεται,
620 2151 739 2227 βασιλεῖ,
752 2149 842 2230 ὥσπερ
886 2156 970 2219 pherni
982 2155 1140 2216 tradiderunt,
1151 2159 1178 2204 ut
1188 2168 1254 2216 eum,
1266 2154 1286 2203 si
1299 2154 1380 2215 veliet,
1393 2153 1424 2203 ad
1435 2167 1515 2217 regem
1529 2154 1669 2213 obduraret,

61 2243 133 2320 αὐτῷ
140 2236 305 2321 προσέταξεν,
316 2237 362 2295 καί
371 2236 419 2308 τὴν
429 2235 517 2298 Ἴασον
528 2235 709 2316 διεπόρθησαν,
722 2235 841 2317 καίχρή-
886 2243 1090 2307 quemadmodum
1105 2243 1127 2294 ei
1140 2242 1309 2305 imperaverat,
1325 2247 1349 2291 et
1369 2244 1451 2292 tasum
1467 2241 1633 2305 diripuerunt,
1645 2246 1669 2290 et

61 2351 134 2404 ματα
153 2326 220 2385 πόνυ
240 2323 356 2396 πολλδὴ
376 2323 486 2403 στρατιδ
506 2323 609 2382 ἔλαόεν·
631 2322 842 2383 παλαιόπλουτον
886 2347 995 2395 magnam
1007 2336 1116 2399 pecunia
1128 2335 1178 2384 rim
1190 2334 1310 2385 exercitus
1322 2333 1400 2396 oepit;
1414 2332 1489 2383 reteri
1500 2332 1670 2383 errimtortuna

60 2414 112 2493 γὰρ
127 2405 159 2485 ἦν
172 2413 202 2472 τδ
216 2412 322 2493 χωρίον.
366 2413 400 2489 (ι)
413 2410 482 2476 Τούς
500 2411 522 2468 τ’
538 2410 690 2491 ἐπικούρους
705 2409 764 2477 τοὺς
782 2410 842 2491 περὶ
887 2421 1056 2485 iocupieserat
1074 2423 1096 2472 is
1114 2422 1189 2472 iocus.
1224 2422 1259 2484 (i)
1275 2425 1353 2483 Atque
1368 2420 1538 2483 auxilia,quae
1556 2429 1669 2482 amorgen

60 2501 105 2560 τὸν
121 2501 251 2580 Ἀμόργην
267 2498 340 2580 παρὰ
363 2507 429 2580 spite
453 2496 544 2564 αὐτοὺς
566 2495 718 2574 κομίσαντες
732 2497 777 2556 καί
795 2499 843 2557 οὐκ
886 2511 948 2560 cirea
961 2523 987 2561 se
998 2510 1127 2573 habuerat,
1139 2510 1170 2560 ad
1180 2511 1281 2574 seipsos
1292 2508 1416 2569 traducta,
1428 2508 1542 2571 nulloque
1553 2508 1670 2558 maletieio

61 2589 231 2659 ἀδικήσαντες
245 2586 391 2660 ξυνέταξαν,
405 2584 445 2644 ότι
458 2577 525 2657 ἦσαν
537 2588 561 2643 oi
576 2584 693 2643 πλεῖστοι
708 2587 738 2642 ἔκ
752 2588 841 2645 Πελο-
886 2597 1044 2660 aiieeta,suis
1053 2598 1177 2647 ordinibus
1188 2597 1383 2657 admiscuerunt,
1392 2595 1458 2660 qood
1466 2596 1572 2659 plerique
1579 2600 1670 2646 arante

59 2675 197 2746 ποννόσου·
210 2675 241 2734 τό
253 2699 282 2733 τε
296 2674 414 2751 πόλισμα
429 2671 605 2754 Τισσαφέρνει
622 2672 783 2751 παραδόντες
797 2674 842 2733 καὶ
886 2686 1061 2749 Peloponneso;
1073 2691 1096 2738 et
1105 2686 1221 2750 oppidum
1236 2685 1390 2750 Tissapherni
1402 2683 1565 2745 tradiderunt,
1575 2683 1669 2734 unirer·

60 2763 226 2844 τσίνδρόποδα
240 2762 342 2835 πόντα,
354 2761 399 2820 καί
421 2763 500 2820 δοῦλα
521 2761 566 2819 καί
580 2758 716 2840 ἐλεύθερα,
730 2752 767 2819 ὧν
781 2766 841 2820 καθ’
885 2775 1105 2837 sosqueoaptiros,
1118 2779 1168 2824 tam
1182 2786 1361 2836 serros,qnam
1375 2772 1475 2833 liberos,
1493 2772 1670 2835 paetiouoeum

60 2851 170 2910 ἕκαστον
185 2855 302 2931 στατῆρα
322 2848 449 2931 Δαρεικδν
463 2852 527 2928 παρ’
542 2849 620 2906 αὐτοῦ
636 2846 779 2919 ξυνέδησαν
793 2851 842 2907 λα·
885 2862 927 2912 iiio
943 2863 1020 2925 taeta,
1038 2866 1066 2911 ut
1082 2863 1107 2912 in
1124 2863 1217 2924 singula
1234 2862 1313 2926 capita
1330 2861 1437 2924 singulos
1455 2864 1556 2910 suares
1572 2859 1670 2910 Doridos

61 2940 127 3011 όεῖν,
150 2938 241 2997 ἔπειτα
261 2937 433 3019 ἀνεχώρησαν
455 2938 480 3003 ές
502 2934 550 3008 τὴν
566 2933 694 3007 Μίλητον.
737 2938 768 3013 (o)
786 2937 842 2997 itai
886 2950 932 3000 sibi
950 2957 1095 3012 numeraret3
1112 2951 1201 3013 quibus
1218 2950 1291 3000 rebus
1312 2951 1386 3012 geoth
1405 2950 1516 2998 Miletum
1537 2947 1668 2998 redierunt.

61 3026 207 3107 Πεδᾶρῑτόν
219 3050 247 3084 τε
261 3026 304 3084 τὸν
321 3023 428 3092 Λέοντος
444 3026 470 3090 ἒς
483 3022 531 3095 τὴν
544 3022 609 3083 Χίον
624 3023 740 3103 ἄρχοντα
751 3028 842 3084 Λακε-
887 3039 920 3100 (5)
930 3042 961 3088 Et
972 3038 1124 3099 Pedanium,
1140 3039 1237 3089 Leontis
1246 3037 1335 3097 hlium,
1345 3051 1417 3101 quem
1434 3035 1607 3086 taoednroonit
1622 3047 1671 3084 ma·

61 3113 201 3191 δαιμονίοιν
214 3111 375 3193 πεμψόντοιν
391 3111 579 3171 ἀποστέλλουσι
591 3114 657 3190 πεζῇ
669 3109 748 3192 μέχρι
762 3112 842 3194 Ἔριν·
885 3125 1010 3187 gistratum
1029 3125 1054 3173 in
1067 3125 1156 3174 Chium
1174 3123 1300 3183 miserant,
1316 3122 1346 3172 ad
1363 3122 1477 3184 Erythras
1493 3135 1570 3185 usque
1585 3122 1670 3173 itinere

61 3205 141 3282 θρῶν,
159 3201 254 3280 έχοντα
268 3200 298 3258 τὸ
311 3198 386 3280 παρὰ
407 3198 534 3279 Ἀμόργου
554 3199 727 3278 ἐπικουρικόν,
749 3198 794 3258 καλ
818 3201 843 3267 ές
885 3212 989 3275 pedestri
1001 3212 1113 3271 mittunt,
1124 3224 1181 3260 eum
1194 3211 1222 3261 iis
1231 3211 1307 3273 impiis
1316 3210 1487 3270 auxiliaribus,
1497 3222 1558 3272 quas
1568 3209 1632 3260 eirea
1643 3222 1669 3260 se

59 3287 107 3359 τλν
119 3289 237 3360 Μίλητον
247 3290 326 3347 αὐτοῦ
339 3287 474 3348 Φίλιππον
487 3290 648 3344 καθιστᾶσιν.
691 3285 786 3345 Καίτδ
801 3286 843 3346 θί·
886 3306 1001 3362 Amorges
1017 3299 1146 3359 babuerat,
1165 3304 1189 3349 et
1208 3299 1345 3362 Philippum
1365 3298 1413 3347 iiiie
1428 3297 1510 3348 Mileto
1526 3296 1668 3361 prendunt.

62 3400 104 3456 ρος
118 3375 248 3435 ἐτελεύτα.
885 3387 1110 3451 aquehneestaa
1120 3387 1255 3438 finiebatur.

100 3466 203 3524 xxix.
229 3467 285 3524 Τοῦ
311 3462 334 3522 δ’
362 3459 558 3540 ίπιγιγνομένου
581 3464 724 3540 χειμῶνος,
750 3462 841 3534 ἐπειδὴ
915 3478 1000 3526 xxiii
1016 3478 1159 3538 insequente
1172 3479 1253 3524 autem
1269 3474 1349 3524 hieme
1375 3473 1561 3536 Tissaphernes,
1577 3477 1669 3536 postea·

59 3552 108 3624 τλν
128 3552 218 3612 Ἰασον
236 3549 417 3621 sertorium
431 3553 445 3607 θ
466 3548 649 3630 Τισσαφέρνης
669 3551 694 3616 ές
714 3552 842 3631 φυλακήν,
886 3577 958 3627 quam
970 3566 1051 3614 lasura
1063 3563 1174 3627 praesidio
1185 3563 1297 3623 munivit,
1308 3560 1416 3612 Miletum
1425 3560 1531 3623 advenit,
1541 3562 1575 3622 et,
1587 3574 1670 3624 qnem-

59 3643 192 3721 παρῆλθεν
220 3642 245 3705 ἒς
266 3638 314 3710 Tit
338 3635 464 3710 Μίλητον,
484 3634 530 3695 καὶ
556 3635 637 3714 μηνὸς
663 3635 710 3714 μὲν
735 3637 841 3720 τροφήν,
885 3650 1013 3700 admodum
1036 3650 1207 3701 hacedoemona
1229 3650 1383 3714 promiserat,
1405 3653 1555 3699 menstruum
1578 3648 1669 3712 stipen-

60 3727 149 3808 ὥσπερ
165 3726 265 3798 ὑπέστη
278 3730 304 3785 έν
322 3730 355 3806 τῇ
371 3724 563 3802 Λακεδαίμονι,
578 3726 603 3791 ές
620 3723 742 3804 δραχμὴν
758 3726 842 3785 Ἀττι·
885 3739 952 3788 dium
974 3737 1078 3789 naribus
1097 3738 1212 3788 omnibus
1238 3737 1387 3798 numeravit,
1409 3736 1515 3798 singulas
1539 3736 1670 3786 drachmas

59 3814 109 3885 κὴν
122 3816 224 3894 ἑκάστῳ
236 3815 332 3882 πόσαις
346 3819 403 3880 ταῖς
414 3812 490 3871 ναυσί
504 3811 637 3882 διέδωκεν,
649 3818 695 3871 τοῦ
708 3813 734 3872 δὲ
749 3815 841 3874 λοιποῦ
886 3826 977 3876 Atticas
993 3826 1098 3886 viritim,
1117 3826 1141 3875 in
1162 3825 1281 3888 reliquum
1297 3837 1355 3875 raro
1373 3828 1469 3888 tempus
1487 3827 1568 3874 ternos
1586 3824 1671 3874 obolos

59 3900 153 3981 χρόνον
173 3900 293 3960 testim
311 3899 453 3981 τριόνόολον
477 3899 589 3970 διδόναι,
613 3897 661 3966 ἕως
679 3899 711 3958 δν
732 3901 841 3979 βασιλέα
885 3913 942 3962 dare
960 3913 1067 3974 rotabat,
1086 3913 1162 3963 donee
1179 3925 1258 3974 regem
1284 3911 1445 3962 consuluisset
1467 3911 1545 3974 quisi
1562 3911 1671 3973 iuberet,

60 3987 194 4069 ἐπέρηται·
207 3988 239 4059 ἢν
256 3986 283 4047 δέ
299 3987 406 4069 κελεύῃ,
423 3986 516 4046 δώσειν
533 3987 582 4066 ἔφη
602 3989 691 4058 ἐντελῆ
709 3987 757 4060 τὴν
776 3991 841 4070 δρα-
887 4000 1144 4052 daturumsedieebat
1158 3999 1432 4063 interp-amdrachmam.
1466 3999 1601 4061 (tiverum
1612 4001 1670 4049 tier-

59 4076 141 4156 χμήν.
184 4077 216 4154 (a)
231 4075 426 4157 Ἑρμοκράτους
441 4073 468 4133 δὲ
484 4073 649 4142 ἀντειπόντος
662 4080 707 4134 τοῦ
722 4079 841 4157 Συρακο-
885 4093 990 4140 moerate
1003 4093 1206 4151 Syracusanorum
1229 4087 1292 4138 duee
1308 4087 1483 4138 eontradioente
1505 4086 1671 4150 (Therimenes

61 4164 116 4222 σίου
139 4169 284 4244 στρατηγοῦ
312 4165 334 4240 (ό
354 4162 405 4244 γδρ
430 4159 582 4244 Θηριμένης
601 4165 630 4221 ού
655 4162 784 4244 ναύαρχος
805 4166 841 4224 ὢν
884 4179 961 4240 eninr,
970 4176 1036 4240 qnod
1047 4189 1095 4226 non
1104 4179 1156 4226 erat
1167 4175 1317 4237 nauarchus,
1334 4175 1376 4226 sed
1387 4174 1417 4224 ad
1430 4174 1569 4224 tradendam
1581 4177 1666 4236 Αείγο

60 4250 119 4308 ἀλλ’
135 4249 268 4332 Ἀστυόχῳ
281 4252 444 4331 παραδοῦναι
459 4248 505 4316 τὰς
518 4254 580 4317 ναῦς
599 4247 737 4326 ξυμπλέων
756 4254 842 4330 μαλα·
885 4266 931 4316 eho
949 4265 1050 4314 eiassem
1066 4277 1122 4313 eum
1138 4263 1185 4313 iiiis
1208 4262 1349 4325 navigabat,
1368 4262 1393 4310 in
1409 4261 1522 4323 stipendii
1538 4259 1667 4310 exactione

60 4329 144 4408 κθςῆν
157 4336 217 4418 περί
227 4343 271 4395 τοῦ
282 4341 384 4415 μισθοῦ)
400 4335 470 4415 ὅμως
480 4335 507 4394 δέ
520 4334 592 4416 παρὰ
601 4337 678 4395 πέντε
689 4342 751 4404 ναῦς
764 4337 841 4398 πλέον
885 4353 1005 4404 remissior
1023 4352 1091 4413 erat)
1111 4354 1191 4400 umen
1206 4350 1269 4400 inter
1285 4363 1327 4399 eos
1338 4348 1462 4407 wnvetxii,
1476 4353 1503 4398 ui
1521 4347 1614 4397 ratione
1626 4360 1681 4414 per

60 4425 134 4507 ἀνδρί
148 4424 280 4505 ἑκόστῳῆ
294 4427 362 4506 τρεῖς
374 4424 461 4483 ὀόσλολ
475 4423 691 4502 ὡμολογήθησαν.
735 4425 778 4492 Ἐς
791 4425 842 4507 γὰρ
885 4441 970 4503 quinas
985 4453 1094 4503 quasque
1109 4449 1183 4487 nares
1194 4437 1251 4486 inita
1267 4437 1404 4500 piusquam
1420 4435 1481 4484 tami
1495 4434 1560 4484 oboli
1577 4434 1668 4484 viritim

58 4513 137 4571 πέντε
158 4519 220 4580 ναῦς
241 4514 300 4594 τρία
320 4514 436 4572 τάλαντα
458 4512 541 4572 ἐδίδου
559 4518 604 4571 τοῦ
619 4512 708 4591 μηνός·
725 4512 771 4572 καί
790 4518 843 4582 τοῖς
885 4530 1083 4592 persolverentur,
1107 4526 1257 4589 Namquinix
1266 4523 1444 4574 mximam
1456 4521 1544 4572 1210an
1554 4521 1578 4570 in
1587 4522 1667 4584 singu.

59 4601 162 4674 ἄλλοις,
181 4600 234 4682 ὅσῳ
257 4601 360 4669 πλείους
382 4606 440 4673 νῆες
461 4592 529 4672 ἦσαν
543 4599 635 4659 τούτου
652 4606 697 4660 τοῦ
716 4603 841 4683 ἀριθμοῦ,
885 4618 922 4667 los
935 4629 1029 4666 menses
1043 4612 1403 4676 dabat30eterisquenaribus,
1416 4623 1471 4672 quie
1488 4621 1535 4659 mn
1548 4608 1668 4659 cadebant

58 4687 128 4746 κατὰ
141 4689 184 4747 τὸν
200 4691 277 4747 αὐτὸν
291 4690 367 4766 λόγον
381 4695 471 4747 τοῦτον
484 4688 590 4747 ἐδίδοτο.
885 4705 909 4754 in
920 4705 985 4753 hune
995 4716 1130 4762 numerum,
1141 4701 1171 4750 ad
1184 4699 1293 4751 eamdem
1307 4698 1369 4747 ham
1380 4696 1494 4745 rationem
1506 4692 1651 4743 solvebatur.

99 4779 190 4837 XXX.
213 4780 269 4837 Τοῦ
290 4777 311 4835 δ’
335 4780 413 4835 αὐτοῦ
434 4780 562 4855 χειμῶνος
583 4779 636 4840 τοῖς
658 4778 732 4856 ἕντῇ
756 4776 842 4858 Σάμῳ
916 4795 990 4841 xxx.
1008 4789 1270 4840 souemauremtuemo
1278 4785 1442 4844 suanenses,
1450 4780 1667 4846 quiapudsamom

59 4863 202 4933 Ἀθηναίοις
218 4864 428 4945 προσαριγμέναι
442 4863 493 4945 γδιρ
510 4855 577 4935 ἦσαν
592 4863 637 4921 καί
650 4863 748 4921 οἴκοθεν
763 4862 841 4922 οἷλλαι
884 4879 999 4942 agebant,
1012 4878 1125 4941 quoniam
1141 4875 1172 4925 ad
1183 4888 1225 4925 eos
1237 4877 1351 4937 praeterea
1361 4874 1387 4921 ei
1400 4869 1472 4918 domo
1483 4873 1598 4918 veneram
1610 4867 1666 4917 aiioe

57 4956 117 5020 νῆες
130 4951 207 5019 πέντε
222 4953 267 5010 καί
280 4952 419 5034 τριάκοντα
434 4953 478 5010 καί
493 4950 635 5030 στρατηγοί
650 4954 783 5031 Χαρμῖνος
796 4950 842 5009 καί
884 4968 990 5031 quinque
1005 4970 1030 5016 et
1046 4965 1142 5027 triginta
1159 4976 1242 5022 nares,
1254 4964 1279 5010 et
1296 4972 1379 5010 aarum
1395 4957 1469 5008 duces
1484 4954 1628 5008 Chaminos
1643 4959 1668 5005 et

59 5039 256 5119 Στρομὸῑχίδης
276 5040 321 5098 καί
337 5039 493 5117 Εὐκτήμων,
516 5040 561 5098 καὶ
580 5039 626 5106 τὰς
642 5038 695 5098 ἀπὸ
711 5038 779 5100 Χίου
797 5039 841 5098 καὶ
884 5053 1070 5106 sirombiohides
1080 5054 1253 5110 etEucternon,
1263 5053 1286 5099 et
1298 5046 1399 5096 navibus
1409 5044 1508 5095 excisio
1520 5043 1664 5106 reliquisque

59 5125 106 5193 τδις
121 5128 201 5193 ἄλλας
223 5128 309 5194 πόσας
331 5126 529 5207 ξυναγαγόντες,
542 5127 677 5187 έόούλοντο
692 5128 841 5208 διακληρω-
885 5142 997 5193 omnihus
1006 5142 1030 5192 in
1040 5153 1114 5191 unrrm
1124 5134 1384 5199 eontractis,r01ebont
1396 5131 1451 5184 beili
1462 5130 1595 5195 porroctas
1606 5130 1662 5182 nter
