3676 5828
686 353 1090 428 scfl0L1A.V,wo-m.
1548 338 1561 355 ’
1628 377 1679 430 τοι

100 489 133 550 τά
147 486 329 566 νενομισμένα·
342 487 378 553 εἰς
389 493 455 567 σφῦς
465 484 493 544 δέ
505 485 597 553 αύτοὺς
609 485 768 565 βουλήσεως,
779 488 826 557 τῆς
836 485 872 550 εἰς
911 483 995 546 ίνεκεν
1015 492 1087 567 ὑμῶν
1108 489 1318 571 περαιώσασθαι,
1335 489 1434 559 εἰδότας
1451 490 1491 551 ότι
1512 491 1581 552 κατὰ
1605 500 1681 556 τοῦτο

101 575 249 657 ἀνθρώπους
269 573 386 647 δηλονότι
408 573 472 654 φησί
491 573 674 654 προαιρέσεως.
688 609 728 620 ·-
746 577 802 646 Τῆς
825 570 871 651 μὲν
910 572 1002 645 ἥττους
1014 581 1090 655 ἡμῶν
1104 577 1178 640 εἰσίν.

100 664 228 743 τοίνυν...]
241 667 255 721 θ
269 667 338 729 νοῦς·
352 663 400 719 οὐκ
413 659 519 720 έλαττον
535 658 667 739 ἡγούμεθα
683 663 797 739 εὐμενεῖς
808 665 871 737 ἡμῖν
950 664 1008 724 CX.
1030 665 1065 726 01
1080 664 1106 724 δὲ
1125 665 1171 724 καί
1185 664 1277 732 ἄλλους
1291 664 1322 724 δν
1340 665 1423 745 ίχοιεν
1440 665 1587 749 πέμψαι...]
1603 669 1684 743 ἀλλά,

101 753 205 812 ἔσεσθαι
216 749 273 817 τοὺς
281 747 425 828 θεοὺςήπέρ
437 750 507 825 ὑμῖν.
520 746 592 807 οὐδὲν
603 747 654 829 γάρ
665 747 714 814 ἔξω
724 747 872 828 πράττομεν
912 751 934 807 εἰ
946 750 992 808 καί
1003 753 1076 810 αὐτοί
1088 755 1200 812 πλεῦσαι
1212 755 1374 826 ὀκνήσουσιν,
1387 752 1477 833 ἔχουσί
1489 777 1520 832 γε
1530 757 1686 837 συμμάχους

74 839 160 899 σούτε
180 842 231 897 τῶν
248 833 399 914 εἰθισμένων
415 835 476 916 περί
496 834 554 903 τοὺς
573 834 644 902 θεοὺς
661 833 720 893 ούτι
739 839 791 893 τῶν
810 833 874 914 πρδς
912 835 1006 906 ἄλλους
1024 844 1087 917 ἡμῖν
1103 839 1206 921 πέμψαι
1224 840 1344 921 βοηθούς·
1366 841 1480 919 μεγάλου
1499 866 1528 901 τε
1550 841 1622 911 ύντος
1639 851 1713 912 τοῦς

101 926 249 1008 ἀνθρώπους
262 923 378 983 δικαίων.
392 921 461 981 τότε
478 921 529 1003 γάρ
540 927 606 982 θεῖον
620 921 794 1003 θεραπεύομεν
804 918 873 979 κατά
914 927 1046 1004 Κρητικοῦ
1066 927 1208 1006 πελάγους,
1229 930 1260 986 δι’
1282 920 1312 986 ού
1335 927 1466 1009 πέμψουσι
1486 928 1533 1001 τήν
1556 931 1686 1009 βοήθειαν,

100 1015 130 1074 τδ
145 1012 228 1073 κοινδν
248 1011 352 1071 πάντων
366 1009 506 1091 ἀνθρώπων
520 1009 588 1087 ἔθος,
607 1008 666 1076 τούς
678 1032 706 1067 τε
727 1006 875 1088 ἀνθρώπους
913 1012 1012 1085 μᾶλλον
1026 1008 1098 1092 [γάρ]
1111 1016 1135 1072 οἱ
1145 1012 1303 1094 πεμφθέντες
1315 1013 1467 1084 δυνήσονται
1472 1015 1606 1086 ,λαθόντες
1619 1021 1687 1094 ὑμᾶς

99 1102 233 1181 ἡγούμεθα
254 1100 329 1181 φύσει
351 1098 481 1176 γεγονέναι
507 1097 571 1178 πρὸς
593 1099 623 1156 τὸ
642 1097 731 1178 άρχεεν
747 1086 784 1154 ῶν
806 1118 873 1176 κρα-
913 1099 1322 1178 θαλαττοκρατοῦντας,σωθῆναι
1341 1100 1404 1181 πρὸς
1424 1101 1585 1183 ἡμᾶς,ήπερ
1597 1106 1685 1180 ὑμεῖς,

99 1195 198 1249 τοῦσιν.
253 1185 316 1253 ώςτε
341 1183 400 1244 ούτε
422 1183 496 1244 αἰετοί
515 1183 731 1261 νομοθετήσαντες
750 1181 810 1263 περί
829 1187 874 1240 τοῦ
913 1187 936 1242 οἰ
952 1191 1104 1265 κρατοῦντες
1115 1192 1162 1259 τῆς
1177 1188 1324 1260 θαλάσσης,
1346 1188 1484 1247 συλλαύεῖν
1503 1189 1604 1256 αὐτούς.
1620 1194 1642 1249 εἰ
1658 1192 1686 1250 δί
1747 1184 1778 1240 0

61 1289 87 1328 ου
100 1275 200 1357 ἄρχειν,
219 1273 278 1333 ούτε
295 1271 406 1352 κειμένῳ
425 1271 498 1350 νόμιρ
515 1275 613 1352 πρῶτοι
628 1268 803 1351 χρησάμενοι,
819 1291 874 1327 πα·
913 1272 958 1328 καί
975 1271 1066 1331 τούτου
1086 1273 1262 1354 διαμάρτοιεν,
1276 1273 1324 1345 τήν
1342 1279 1390 1352 γῆν
1402 1277 1474 1351 ὑμῶν
1487 1274 1628 1353 δῃώσουσι,
1640 1277 1686 1337 καί
1702 1299 1726 1340 ιο

101 1361 257 1442 ραλαύόντες
275 1359 302 1419 δέ
318 1365 417 1430 τοῦτον,
435 1358 480 1416 καί
494 1366 547 1424 τοῖς
558 1357 648 1416 ἔπειτα
662 1355 874 1434 καταλείψοντες,
913 1357 971 1426 τοὺς
987 1359 1080 1427 ἄλλους
1096 1361 1262 1441 συμμάχους,
1276 1362 1350 1429 ὅσους
1370 1362 1499 1442 Βρασίδας
1510 1365 1556 1421 οὑκ
1573 1366 1685 1438 ἐπῆλθε,

100 1449 216 1530 άρχομεν
238 1440 273 1506 ῶν
296 1445 327 1505 δν
350 1445 532 1525 κρατήσωμεν,
555 1444 649 1510 εἰδότες
669 1445 709 1501 δτι
732 1443 777 1501 κοιλ
802 1445 875 1517 ὑμεῖς
913 1445 1096 1526 χειρώσονται·
1117 1447 1180 1515 ώςτε
1195 1452 1256 1526 ὑμῖν
1269 1451 1298 1506 οὑ
1312 1449 1372 1528 περί
1385 1454 1432 1519 τῆς
1445 1447 1482 1525 μή
1496 1450 1686 1529 προσηκούσης,

99 1536 145 1595 καί
164 1536 240 1603 ἄλλοι
266 1538 384 1602 θσιιοῦν,
409 1534 436 1589 ἐν
458 1536 491 1610 τῇ
512 1531 590 1610 ὁμοίη
616 1529 723 1607 δυνάμει
741 1527 876 1608 γενόμενος
914 1536 959 1601 τῆς
972 1533 1113 1614 ἡμετέρας,
1128 1538 1142 1592 ὁ
1156 1533 1226 1613 ἀγὼν
1240 1533 1327 1608 ἔσται,
1343 1534 1411 1593 ἀλλὰ
1424 1535 1484 1615 περὶ
1496 1541 1543 1609 τῆς
1554 1542 1605 1597 τῶν
1620 1560 1686 1616 συμ-

99 1624 174 1699 ἡμῖν,
195 1622 225 1680 τδ
248 1621 312 1679 αύτδ
331 1618 362 1676 άν
376 1617 511 1698 ἔπραττεν.
526 1651 566 1662 —-
579 1637 601 1678 ε.
621 1616 676 1676 Καὶ
693 1615 756 1697 πρδς
779 1615 825 1692 μίν
845 1613 875 1673 τθ
915 1618 1007 1698 μάχων
1022 1620 1067 1678 καί
1080 1625 1126 1691 τῆς
1139 1619 1273 1701 ὑμετέρας.

59 1720 87 1759 1⁵
99 1712 165 1766 θεῖον
184 1706 263 1771 οὑτως
281 1708 310 1764 έκ
332 1712 377 1764 τοῦ
400 1705 538 1782 εἰκότος...]
551 1703 613 1770 ὥςτε
627 1706 657 1761 ού
669 1696 719 1761 διά
725 1708 808 1760 ταῦτα
828 1723 875 1782 φο-
954 1709 1025 1766 CXI.
1051 1705 1157 1767 Τούτων
1167 1707 1215 1784 μὲν
1227 1707 1272 1779 καί
1280 1707 1519 1787 πεπειραμένοις...]
1530 1707 1626 1769 τούτων
1639 1711 1686 1790 μίν
1701 1737 1727 1779 τυ

100 1792 216 1871 ύούμεθα
235 1791 341 1851 ἔλαττον
359 1794 431 1868 ὑμῶν
445 1789 622 1868 εὖμενὲςέξῑῑν
638 1789 667 1848 τὸ
680 1794 755 1850 θεῖον.
771 1789 828 1847 lm!
847 1787 873 1846 δὲ
914 1793 958 1851 καί
976 1798 1048 1870 ὑμεῖς
1061 1794 1231 1874 πεπείρασθε,
1245 1795 1290 1853 καί
1301 1797 1347 1852 υύκ
1361 1794 1563 1871 άνεπεστὴμυνές
1574 1799 1632 1857 ίστε
1648 1797 1688 1858 άτε

101 1881 159 1947 τοὺς
175 1878 394 1956 Λακεδαιμονίους
410 1879 507 1938 δοκεῖτε
523 1878 659 1957 βοηθήσειν
682 1878 751 1954 ὑμῖν,
766 1875 873 1956 αἰσχρδν
914 1880 1035 1940 οὐδέποτε
1050 1881 1190 1954 Ἀθηναῖοι,
1208 1883 1403 1961 πολιορκοῦντες
1418 1881 1530 1962 ἐτέρους,
1545 1884 1686 1965 ἀπεγώρη.

100 1971 250 2048 νομίζοντας
266 1970 390 2051 περιιδεῖν
404 1967 464 2035 τοὺς
478 1967 601 2033 ἀποίκους
610 1965 831 2044 πολεμουμένους,
844 1966 874 2024 τὸ
914 1991 963 2026 σαν
977 1967 1019 2027 διδι
1030 1970 1061 2027 τδ
1076 1968 1222 2050 φούηθῆναι
1233 1968 1293 2049 περί
1309 1973 1358 2027 τῶν
1374 1969 1521 2047 συμμάχων
1534 1968 1550 2042 ή
1566 1952 1626 2052 περὶ
1642 1978 1688 2044 τῆς

101 2058 148 2135 μέν
166 2061 238 2134 ὑμῶν
260 2055 436 2135 μακαρίζομεν
451 2055 633 2135 άπειρόκακον,
646 2053 676 2113 τδ
690 2051 717 2112 δέ
734 2054 813 2134 άφρον
828 2055 874 2111 οὐκ
913 2061 960 2132 γῆς
981 2061 1027 2127 τῆς
1048 2060 1145 2116 ἑαυτῶν
1176 2055 1327 2136 δῃουμένης.
1346 2059 1428 2116 έκεῖνο
1447 2057 1474 2115 δί
1494 2059 1686 2135 ίνθυμούμεθα,

57 2151 86 2191 ²⁰
100 2149 263 2222 ἐπαινοῦμεν.
277 2141 478 2220 Λακεδαιμόνιοι
489 2141 540 2222 γάρ
554 2141 617 2222 πρὸς
631 2139 677 2218 μὲν
690 2140 817 2211 ἀλλήλους
829 2140 874 2198 καί
913 2141 966 2215 ύιε,
985 2143 1045 2222 περί
1065 2143 1194 2224 σωτηρίας
1209 2142 1404 2222 βουλευόμενοι,
1429 2142 1500 2201 οὐδὲν
1519 2145 1545 2201 ἰν
1559 2145 1688 2215 τοσούτοις
1701 2161 1728 2199 εο

98 2232 147 2305 τήν
155 2232 242 2303 κοινήν
251 2231 383 2291 πολιτείαν
392 2229 544 2289 τθιπλεῑστα
555 2227 874 2308 μετίἰρετῆςπράττουσε·
913 2229 997 2307 λόγοις
1015 2231 1136 2310 εἰρήκατε
1157 2229 1359 2309 σωτήριον,καί
1380 2230 1519 2307 δυνάμενον
1539 2239 1627 2290 πεῖσαι
1648 2232 1688 2292 ὅτι

100 2321 167 2402 πρδς
180 2320 207 2378 δὲ
218 2318 276 2385 τοὺς
290 2318 383 2386 ἄλλους
392 2316 462 2383 ὅπως
476 2316 577 2397 έχουσι,
589 2316 704 2394 μάλιστα
719 2315 750 2372 άν
762 2339 801 2381 τις
814 2317 874 2391 ὑμῖν
914 2315 1021 2375 δύναται
1035 2317 1137 2386 σώζειν·
1153 2317 1222 2375 ἀλλὰ
1234 2315 1268 2373 τὰ
1283 2315 1329 2393 μέν
1352 2318 1506 2398 ἰσχυρότερα
1528 2321 1601 2394 ὑμῶν
1614 2319 1689 2378 ίλπί-

99 2412 126 2468 ίν
148 2409 243 2489 βραχεῖ
258 2404 405 2476 δηλώσειεν,
426 2403 511 2463 καίτοι
524 2402 609 2462 πολλθι
630 2404 711 2461 εἰπεῖν
733 2401 811 2481 έχων,
834 2400 874 2460 ότι
914 2404 954 2470 δες
963 2403 1013 2461 εἰσί
1025 2403 1180 2480 μέλλουσαι,
1194 2402 1227 2461 τὰ
1239 2401 1266 2461 δὲ
1279 2401 1442 2483 ὑπάρχοντα,
1456 2407 1491 2470 ὡς
1503 2403 1566 2482 πρδς
1577 2403 1610 2462 τά
1621 2405 1689 2483 ἡμί-

100 2496 204 2555 πάντων
221 2491 362 2574 ἀνθρώπων
377 2483 413 2549 ών
428 2491 502 2568 ίσμεν
517 2488 695 2572 ἐκφανέστατα
709 2487 875 2565 Λακεδαιμύ-
914 2513 990 2571 τερα,
1010 2493 1142 2556 παντελῶς
1163 2489 1213 2549 εἰσί
1239 2489 1346 2568 σμικρά.
1368 2491 1436 2547 πάνυ
1456 2512 1483 2547 τε
1505 2489 1536 2560 δή
1557 2491 1689 2568 εἰλόγιστσι

58 2594 84 2631 ²⁵
101 2606 150 2643 νιοι
163 2584 190 2640 ἰν
205 2585 263 2647 ταῖς
276 2578 339 2659 πρδς
356 2579 448 2642 άλλους
468 2577 638 2654 ξυναλλαγαῖς
657 2575 690 2634 τά
711 2575 757 2652 μὲν
776 2579 875 2641 ἑαυταῖς
913 2577 1105 2650 καθεστήκατε,
1121 2579 1144 2636 εἰ
1155 2576 1193 2650 μή
1210 2575 1267 2634 καθ’
1282 2574 1387 2642 ἑαυτοὺς
1401 2576 1532 2656 γενόμενοι
1548 2577 1688 2655 βουλεύση-
1702 2591 1727 2630 ²⁵

99 2671 164 2744 ἡδέα
176 2674 259 2729 ταῦτα
274 2666 319 2724 καί
330 2663 399 2724 καλά
410 2663 557 2741 νομίζουσι,
570 2661 604 2720 τά
618 2662 645 2721 δὲ
657 2659 820 2742 συμφέροντα
833 2665 876 2719 αὑ·
914 2670 958 2724 σθε
972 2662 1170 2746 φρονιμώτερον.
1183 2666 1212 2724 ού
1224 2662 1274 2743 γάρ
1290 2662 1321 2734 δή
1333 2662 1438 2730 εἰκότως
1453 2663 1496 2721 ἐπὶ
1508 2663 1556 2736 τήν
1570 2665 1686 2741 μάλιστα

97 2759 152 2823 τοῖς
162 2755 208 2814 καί
222 2752 318 2812 δίκαια.
336 2750 398 2817 ώςτε
418 2752 465 2809 οὑκ
481 2745 550 2808 ἔστιν
566 2749 708 2826 ἀλογίστοις
719 2749 875 2807 διανοεῖσθαι
913 2751 1089 2829 λυμαίνουσαν
1107 2749 1167 2817 τοὺς
1184 2749 1332 2828 ἀνθρώπους
1347 2749 1473 2828 αἰσχύνην
1487 2750 1689 2831 καταφεύζεσθε,

98 2844 159 2925 περὶ
169 2847 214 2915 τῆς
223 2838 352 2919 σωτηρίας
363 2840 445 2915 ὑμῶν,
457 2833 667 2916 προςδεχομένων
678 2833 726 2906 τήν
736 2835 798 2915 παρ’
812 2833 875 2892 ἐκεί·
915 2841 948 2897 δι’
961 2840 992 2910 ἡν
1004 2838 1112 2910 πολλοί,
1123 2837 1218 2918 καίπερ
1229 2840 1337 2916 ὁρῶντες
1346 2834 1386 2894 ύτι
1396 2839 1431 2903 εἰς
1437 2836 1550 2894 κίνδυνον
1560 2836 1689 2917 έρχονται,

98 2955 148 2990 νων
164 2928 293 3008 βοήθειαν.
305 2960 345 2970 -
358 2945 381 2985 ε.
398 2923 499 3004 Ἀρετῇ]
515 2921 627 3002 εὐταξία.
913 2924 995 3004 ὅμως,
1013 2926 1147 3007 φεύγοντες
1163 2925 1193 2984 τὸ
1211 2921 1324 3004 ἀπρεπὲς
1340 2929 1385 2981 τοῦ
1403 2923 1541 3000 ὀνόματος,
1558 2924 1688 3000 (τουτέστι

58 3031 86 3071 ⁸⁰
137 3018 210 3078 cvl.
232 3014 323 3090 Ἡμεῖς
345 3008 371 3069 δὲ
391 3011 449 3067 κατ’
467 3011 530 3067 αὐτὸ
544 3013 664 3078 τοῦτο...]
683 3005 807 3064 εἰπόντων
822 3009 873 3065 τῶν
915 3012 944 3072 τδ
960 3012 1109 3084 ὑπακούειν,
1129 3012 1189 3090 ἔχον
1206 3035 1232 3070 τι
1248 3008 1382 3082 ποιητικὸν
1401 3008 1625 3088 αἰσχύνης·τοῦτο
1637 3012 1688 3093 γάρ
1702 3021 1728 3062 ³⁰

98 3102 247 3177 Ἀθηναίων,
258 3101 298 3159 ὅτι
306 3095 508 3174 Λακεδαιμόνιοι
517 3100 562 3154 τοῦ
569 3092 692 3174 ὑμετέρου
702 3091 876 3174 συμφέροντος
914 3103 969 3159 ἰστι
988 3099 1018 3159 τδ
1038 3099 1197 3178 ἰπαγωγόν,ή
1214 3101 1359 3179 συμφοραῖς
1375 3095 1509 3174 μεγίσταις
1527 3097 1688 3177 περάπτων,

98 3196 127 3252 ού
139 3190 322 3270 στοχάζονται,
333 3185 411 3267 φασίν
423 3186 447 3243 οἰ
461 3182 576 3254 Μήλιοι,
587 3181 627 3241 ύτι
639 3180 682 3240 διὰ
690 3180 720 3240 τὸ
733 3180 797 3240 ίδῑον
811 3203 875 3258 ονμ-
914 3187 958 3246 καὶ
972 3185 1097 3267 αἰσχύνην
1109 3185 1213 3263 μείζονα
1224 3183 1381 3264 προςέλαύον
1393 3175 1424 3254 ἡς
1436 3181 1551 3263 ἔφευγον,
1563 3183 1630 3259 μετὰ
1643 3190 1688 3243 ταῦ

98 3278 176 3361 φέρον
194 3276 253 3343 τοὺς
272 3271 492 3348 Λακεδαιμονίους
513 3268 669 3346 πιστεύομεν
690 3266 736 3327 καί
758 3266 874 3344 μάλιστα
914 3273 1036 3344 ἀνοήτους
1054 3272 1146 3339 αὐτούς
1163 3271 1328 3348 νομίζεσθαι,
1345 3269 1390 3328 καί
1404 3270 1433 3327 οὑ
1448 3269 1530 3327 δοκεῖν
1548 3268 1591 3328 διδ
1605 3269 1687 3350 τύχην

97 3367 167 3438 ἥξειν
176 3369 238 3442 ἡμῖν
250 3358 447 3442 βοηθοὺς,ύπως
457 3356 495 3435 μή
503 3360 555 3423 τοῖς
566 3354 612 3433 μὲν
620 3359 736 3414 εὒνοοῧον
745 3358 798 3413 τῶν
810 3354 875 3416 Ἓλ-
913 3362 1030 3419 πταῖσαι.
1048 3362 1075 3418 ἐν
1094 3358 1145 3439 γάρ
1158 3361 1196 3439 τῷ
1217 3385 1229 3411 ι
1249 3356 1348 3435 ήτύχη
1371 3354 1449 3426 »ὑὴ
1468 3354 1608 3432 σύνδεσμος
1629 3357 1688 3416 ἀντί

59 3463 87 3502 ³⁶
96 3455 183 3523 λήνων
196 3452 302 3511 άπιστοι
320 3450 447 3530 φανῶσιν,
461 3448 530 3522 ὑμᾶς
544 3441 571 3502 δὲ
583 3441 642 3509 τοὺς
654 3441 794 3520 πολεμίους
806 3445 875 3524 ὦφε·
912 3453 957 3508 τοῦ
970 3448 1038 3528 ἡπερ
1051 3455 1145 3506 κεῖται.
1160 3450 1233 3524 ὑμεῖς
1247 3437 1291 3504 οῦν
1304 3441 1444 3526 φυλάξεσθε
1462 3442 1509 3514 τήν
1531 3443 1618 3502 πάντα
1641 3446 1686 3504 λυ·
1701 3462 1728 3502 ετ

97 3541 212 3612 λὴοωοῑ,
226 3530 696 3618 προδύπεςῆμῑίτνὺςῦνμμοίχους·
914 3534 1072 3612 μαινομένην
1092 3530 1228 3612 αἰσχύνην,
1257 3531 1289 3590 ἂν
1315 3521 1344 3589 εύ
1369 3528 1555 3610 βουλεύσησθε·
1584 3531 1629 3589 καί
1647 3530 1685 3607 μή

136 3629 224 3689 CVII.
245 3628 348 3686 Οὐκοῦν
357 3621 490 3691 οἴεσθε...]
500 3620 558 3677 ἀλλ’
570 3622 623 3690 οὖν,
633 3616 717 3696 ώςπερ
727 3614 798 3688 ἰστε,
809 3638 875 3693 ονμ·
914 3622 1026 3703 ἀπρεπές
1045 3620 1174 3700 ἡγήσεσθε
1188 3623 1335 3678 ὑπακοῦσαι
1355 3616 1429 3675 πολιι
1447 3640 1480 3695 τη
1501 3616 1687 3696 μεγίστη,καί

98 3712 168 3795 φέρει
185 3710 232 3789 μὲν
245 3711 274 3769 τὸ
289 3712 347 3788 μετ’
361 3705 503 3788 ἀσφαλείας
523 3705 621 3765 ἕκαστα
642 3702 775 3785 πράττειν,
796 3701 826 3761 τὸ
846 3702 874 3760 δί
913 3706 1112 3789 προκαλουμένη
1124 3711 1192 3785 ὑμᾶς
1203 3706 1246 3766 ἐπὶ
1261 3704 1387 3786 μετρίοις,
1402 3703 1464 3771 &Gt
1476 3705 1631 3784 συμμάχους
1644 3728 1687 3784 ρ..

97 3800 177 3860 καλδν
190 3798 278 3858 καλτδ
296 3797 394 3855 δίκαιον
415 3796 458 3853 διὰ
478 3794 602 3853 κινδύνων
617 3790 801 3871 περιγίγνεται.
816 3793 875 3851 Λα·
913 3795 1013 3867 νέσθαι,
1028 3794 1134 3874 ἔχοντας
1147 3792 1195 3865 τήν
1211 3792 1278 3851 ἰδίαν
1298 3796 1346 3870 γῆν
1362 3793 1483 3861 ὑποτελῆ.
1501 3789 1622 3870 αἱρέσεως
1644 3783 1687 3850 ούν

57 3903 86 3942 ευ
98 3887 254 3964 κεδαιμόνιοι
266 3885 292 3943 δί
306 3884 364 3949 τοὺς
377 3881 507 3947 κινδύνους
522 3880 711 3961 περιίστανται.
913 3881 1085 3963 προκειμένης
1100 3879 1118 3952 ἢ
1131 3882 1253 3957 πολεμεῖν
1265 3877 1283 3949 ἡ
1302 3882 1346 3957 ζῇν
1359 3879 1494 3958 ἀσφαλῶς,
1507 3877 1545 3954 μή
1557 3877 1587 3936 τδ
1599 3881 1685 3958 χεῖρον
1701 3895 1728 3933 ιο

137 3974 236 4035 cvlll.
257 3969 335 4030 ’λλλδι
356 3970 401 4028 καί
421 3967 479 4035 τοὺς
496 3965 672 4038 κινδύνους...]
687 3963 756 4023 ἀλλὰ
771 3967 816 4022 καί
829 3963 874 4022 τδν
913 3971 1005 4040 ἕλησθε
1019 3966 1251 4050 φιλονεικήσαντες.
1266 3964 1321 4024 ὅσοι
1332 3963 1383 4044 γάρ
1401 3967 1452 4022 τῶν
1472 3962 1616 4042 ἀνθρώπων
1633 3966 1686 4029 τοῖς

97 4061 213 4117 κίνδυνον
223 4055 316 4123 αὖτοὺς
325 4055 369 4114 τὸν
381 4053 445 4134 ὑπὲρ
454 4057 529 4129 ἡμῶν
544 4052 716 4120 ἀναδέξασθαί
725 4050 872 4128 ἡγούμεθα,
913 4057 960 4135 μὲν
971 4055 1035 4121 ίσοις
1053 4053 1090 4132 μή
1105 4054 1249 4125 ὑπείκουσι,
1263 4056 1314 4110 τῶν
1329 4050 1356 4108 δέ
1370 4051 1521 4131 κρειττόνων
1542 4052 1686 4121 ἡττῶνται,

97 4146 143 4204 καὶ
157 4141 319 4221 πεπείσμεθά
337 4166 367 4220 γε
379 4143 479 4219 μᾶλλον
495 4139 560 4219 ὑπὲρ
575 4136 681 4216 ἡμῶνῆ
703 4135 767 4216 ὑπὲρ
786 4137 872 4195 άλλων
911 4140 965 4202 τοῖς
979 4133 1005 4193 δὲ
1014 4134 1105 4205 ἡττασι
1117 4133 1225 4213 μετρίως
1236 4130 1431 4209 προςφέρονται,
1444 4119 1513 4185 οὑτοι
1528 4125 1639 4204 μέγιστα
1654 4127 1685 4197 δή

98 4230 189 4297 αὐτοὺς
206 4227 429 4287 διακινδυνεύσειν.
444 4227 479 4293 εἰς
494 4249 524 4284 τε
537 4225 588 4307 γὰρ
609 4225 656 4291 τάς
673 4222 762 4304 χρείας
779 4223 887 4305 ιίιφέλι-ι
912 4226 1072 4302 κατορθοῦσι.
1089 4219 1262 4298 βουλεύσασθε
1276 4207 1329 4286 ούν,
1345 4212 1528 4288 μεταστάντων
1542 4216 1627 4288 ἡμῶν,
1641 4213 1686 4272 καί

58 4333 86 4374 ιο
98 4341 143 4396 μοι
156 4316 319 4396 τυγχάνομεν
332 4316 433 4385 αὐτοῖς,
448 4310 522 4391 ἐγγὺς
535 4317 582 4384 τῆς
602 4309 802 4380 Πελοποννήσου
816 4308 872 4367 κεί-
912 4310 1037 4374 πολλάκις
1044 4308 1095 4387 πρδ
1104 4308 1243 4385 ὀφθαλμῶν
1251 4301 1344 4361 λόύετε
1354 4300 1393 4358 ὅτε
1402 4299 1462 4380 περλ
1474 4299 1595 4380 πατρίδος
1604 4304 1621 4370 ἡ
1630 4300 1687 4359 σκέ-
1699 4323 1725 4362 εε

98 4428 186 4483 μενοι,
201 4403 246 4462 καλ
261 4399 302 4460 διδι
317 4400 466 4480 συγγένειαν
472 4401 502 4429 *⁴¹
912 4399 967 4476 ψις,
980 4403 1039 4470 μιῦς
1053 4391 1144 4462 ούσης,
1155 4389 1214 4468 περὶ
1235 4382 1266 4459 ἡς
1285 4390 1311 4445 έν
1326 4396 1374 4467 μιᾷ
1388 4389 1467 4465 βουλῇ
1479 4385 1496 4456 ή
1510 4384 1686 4466 κατορθώοετε

136 4493 208 4553 CIX.
230 4489 270 4551 Τδ
280 4489 302 4548 δ’
313 4488 404 4568 ἐχυράν
416 4496 447 4565 γε’
453 4482 808 4564 τοῖςξυναγωνιουμένοις...]
820 4484 874 4551 τοῖς
912 4479 1111 4560 ήσφαλήσεσθε.
1120 4512 1159 4521 -
1168 4496 1190 4535 ο.
1203 4473 1428 4555 Σωφρονέστερον]
1437 4471 1635 4553 φρονιμώτερον.
1646 4507 1683 4516 -

97 4579 141 4638 ἰπὶ
156 4577 320 4657 συμμαχίαν,
336 4580 413 4654 φησί,
427 4573 668 4653 παρακαλουμένοις
681 4569 772 4651 έχυρδν
784 4569 875 4650 φαίνε-
914 4590 936 4630 ο.
951 4564 1161 4648 Προορωμένοις]
1174 4566 1288 4644 φανερῶς
1304 4560 1450 4640 βλέπουσιν.
1464 4593 1504 4602 -
1515 4558 1686 4636 Ἐπαγιογσῦ]

96 4690 142 4725 ται
150 4665 213 4747 πρὸς
223 4664 253 4722 τδ
264 4667 391 4743 βοηθῆσαι
400 4662 450 4739 οὑχ
457 4665 474 4731 ἡ
484 4658 568 4717 εύνοια
580 4662 632 4717 τῶν
640 4654 877 4738 παρακαλούντων,
917 4657 1114 4718 ἐπισπαστικοῦ.
1128 4686 1168 4695 -
1180 4670 1202 4709 ι.
1218 4647 1422 4729 Προςφέρονταε]
1434 4647 1562 4722 ὑμιλοῦσι.
1576 4678 1616 4688 -
1631 4645 1686 4704 Μέ·

55 4766 84 4805 ⁶⁰
98 4754 156 4812 ἀλλ’
173 4757 191 4824 ἡ
206 4749 315 4827 δύναμις
328 4753 423 4819 αὐτῶν,
438 4749 470 4820 ἣν
485 4746 686 4824 Λακεδαιμόνιοι
704 4747 806 4825 μάλλον
824 4751 881 4808 τῶν
919 4750 994 4828 τριοιί
1008 4740 1110 4800 δίκαιοι,
1700 4745 1728 4783 ου

97 4842 185 4900 ἄλλων
199 4839 356 4910 ἐξετάζουσι,
373 4837 418 4896 καί
433 4836 475 4895 διὰ
489 4836 519 4895 τδ
531 4839 628 4916 έχυρῶς
642 4834 765 4905 ἐξετάζειν
781 4839 831 4900 καί
848 4843 888 4912 τῆ
964 4831 1049 4894 exn.
1061 4847 1083 4886 ε.
1093 4823 1162 4885 Οὑτε
1174 4826 1199 4882 ἐν
1211 4819 1382 4902 θλίγιμχρόνιμ
1393 4818 1490 4883 πόλεως
1501 4814 1689 4895 ἑπτακόσια...]

96 4929 150 5010 ἰδία
160 4927 268 5005 δυνάμει
277 4924 401 4991 πολλάκις
409 4928 558 4984 ἀπιστοῦσι.
571 4922 613 4982 δεδι
624 4924 697 4984 τοῦτό
708 4922 737 5004 γέ
751 4947 795 4986 τοι
809 4906 892 5010 μετδι
931 4924 968 4984 ὅτι
982 4920 1026 4991 ἔτη
1041 4911 1180 4974 ἑπτακόσια
1196 4910 1286 4979 Μῆδος
1298 4912 1316 4978 ἡ
1329 4911 1404 4977 νῆονο
1415 4905 1464 5010 ὑπὸ
1479 4901 1689 5007 Λομεδαιμονίωτ

97 5016 246 5095 συμμάχων
270 5017 372 5074 πολλῶν
393 5010 602 5094 ἐπιατρατεύουσι
620 5014 672 5080 τοῖς
696 5012 791 5084 πέλας.
813 5021 898 5091 ὥςτε
938 5006 1068 5086 ἐλευθέρως
1080 4993 1346 5073 νίῑννθῑῖῦανίἰΰῖῑρνί
1359 4990 1410 5050 ὑπὸ
1429 4993 1561 5058 mmm*
1573 4989 1616 5044 ίῦί
1630 4987 1686 5044 3¹³⁰·

97 5109 145 5167 ούκ
158 5104 225 5172 εἰκὸς
238 5102 344 5177 αὐτούς,
359 5104 434 5179 ήμῶν
448 5100 726 5182 θαλαττοκρατούντων,
740 5106 781 5176 εἰς
796 5120 902 5194 νῆσος,
923 5100 997 5183 ’,λείη
1007 5085 1205 5169 ἐξεπολιορκήθη.
