3676 5828
188 337 224 391 τι
811 323 1153 404 scnoLlA.1,⁶1-5⁷·.
1280 397 1284 403 ⁴

183 455 262 521 τικῶς
277 443 314 511 ών
327 451 460 513 κατέδυον.
473 449 662 534 -Φονιύειν]
677 452 790 532 τδῶμδν
807 458 860 514 τῶν
871 458 964 537 Κοριν-
1003 456 1049 516 καί
1075 456 1286 539 ἀντιπροσώπους
1309 457 1373 540 πρδς
1396 457 1525 529 ἀλλήλους
1548 458 1701 538 κειμένους,
1725 461 1788 546 δτιρ

184 540 247 600 θίιυν
261 541 343 617 δηλοῖ.
357 538 477 607 -Τούς
496 563 526 599 τε
544 544 629 599 αὑτῶν
648 540 743 621 φίλους]
763 543 902 624 Μεγαρέας
919 542 964 601 καί
1003 541 1109 603 εἰώθασι
1127 543 1211 626 φέρειν
1229 548 1253 604 οί
1275 545 1385 626 κήρυκες
1405 546 1462 624 μετ’
1480 549 1579 605 αὐτῶν·
1600 547 1650 605 καὶ
1663 551 1713 607 οῦκ
1732 549 1789 622 ίξΐγν

184 626 386 709 Ἀμπρακιώτας
417 627 490 710 φησί.
517 626 548 686 τθ
576 627 645 716 ίξῆς,
671 629 731 697 τοὺς
764 633 850 689 αθτῶν
876 631 964 712 φίλους
1004 630 1097 699 αὐτοὺς
1110 633 1208 690 ἀδικεῖν
1222 633 1285 715 παρ’
1296 633 1339 701 οθς
1353 633 1513 714 ἀπήρχοντο.
1525 627 1788 711 σύμῦολονδέήντθ

185 719 334 796 ἀγνοοῦντες
348 715 468 789 ἔκτεινον,
482 717 628 795 νομίζοντες
649 717 825 798 Κερκυραίους
839 709 912 778 είναι.
924 753 965 764 -
1005 717 1053 795 μέν
1067 720 1141 800 θρθθν
1155 717 1239 795 ξύλον,
1252 726 1298 779 τοῦ
1313 724 1389 801 ὀρθοῦ
1402 721 1494 799 λόγου,
1508 721 1539 780 τδ
1553 719 1581 780 δέ
1594 721 1663 802 παρ’
1677 722 1788 806 έκάτερι

157 829 169 869 ι
182 808 218 865 Οἱ
233 803 276 863 ἀπ]
288 806 333 883 ...]
345 807 369 863 οί
383 805 476 885 ἄρθρον
489 808 666 872 θποτακτικῶς
680 840 719 850 -
732 826 754 866 υ.
770 803 885 877 Ἕλλησι
901 806 965 887 πρδς
1004 796 1069 873 εἶδος
1081 810 1134 865 τῶν
1146 806 1239 887 όφεων,
1253 806 1286 866 τά
1296 807 1503 886 ἀντιτασσόμενοι
1517 807 1701 889 στρατόπεδα·
1716 810 1809 894 θγάρι

183 891 320 964 Ἕλληνας
368 895 421 951 τῶν
435 891 486 974 πρὸ
500 893 592 970 αὐτῆς]
604 890 646 950 διά
660 889 708 963 τήν
719 895 745 951 έν
760 895 906 970 Σαλαμῖνι,
921 892 964 951 διδι
1004 891 1076 973 θρθδς
1092 892 1167 972 λόγος
1179 895 1213 953 δι’
1226 896 1378 976 ἀμφοτέρων
1393 905 1483 977 χωρεῖ.
1496 931 1538 944 -
1551 916 1573 956 ε.
1588 897 1732 978 Ἀδικεῖτε]
1746 901 1789 972 δη-

184 978 233 1052 τήν
248 982 274 1039 ἐν
288 978 407 1060 Σικελία.
417 1014 448 1025 -
457 998 481 1039 υ.
495 975 630 1059 Ναυάγια]
641 978 753 1058 ναυάγια
767 978 813 1057 μίν
826 978 965 1061 οὐδετέρως
1005 979 1118 1060 μηγορία
1135 980 1276 1062 Κορινθίων
1289 983 1324 1061 γ’.
1338 1017 1378 1028 -
1391 1004 1413 1044 υ.
1424 987 1485 1044 Τῶν
1497 985 1525 1043 δέ
1541 985 1789 1066 Κερκυραίων]τῦν

185 1066 325 1146 [λέγεται]
338 1066 401 1125 ὅταν
412 1088 438 1125 τι
450 1069 497 1138 τῆς
509 1065 572 1133 νεὼς
585 1064 729 1138 ἀπόληται,
741 1057 794 1127 οἷον
807 1066 936 1138 πηδάλιον
946 1069 966 1137 ή
1005 1066 1044 1140 δὲ,
1052 1067 1169 1127 τουτέστι
1178 1076 1224 1129 τοῦ
1232 1069 1312 1129 άλλου
1323 1070 1424 1152 μέρους·
1435 1070 1503 1131 οῦτω
1512 1072 1690 1150 Φοιῦάμμων
1701 1075 1788 1150 φησίν.

183 1178 210 1213 τι
218 1159 347 1214 τοιοῦτον·
358 1151 471 1232 ναυαγία
482 1151 509 1211 δὲ
521 1154 638 1222 θηλυκῶς
649 1157 748 1223 ήπᾶσα
759 1159 806 1225 τῆς
817 1154 880 1221 νεὼς
892 1152 966 1212 ἀπώ·
1003 1152 1036 1213 ἵν’
1049 1146 1084 1235 ᾖ,
1096 1159 1148 1214 τῶν
1163 1156 1191 1217 δέ
1206 1157 1236 1217 τδ
1253 1157 1301 1236 μέν
1318 1158 1492 1239 στρατόπεδον
1510 1163 1561 1218 τῶν
1582 1161 1786 1242 Κερκυραίων...

145 1263 172 1303 10
184 1243 243 1301 λεια
256 1239 369 1320 λέγιται.
381 1239 415 1298 τά
429 1238 456 1298 δέ
467 1245 513 1297 νῦν
525 1238 663 1319 οὐδετέρως
674 1240 772 1323 είρηκε.
783 1246 884 1303 -Τῶν
895 1241 966 1301 πλεί-
1005 1244 1028 1301 οἱ
1043 1242 1070 1301 δέ
1085 1243 1224 1315 Ἀθηναῖοι.
1241 1280 1282 1293 -
1295 1267 1316 1306 ι.
1330 1245 1400 1306 Οὔτε
1415 1247 1543 1328 ἄρχομεν]
1557 1248 1701 1329 ἀπόκρισις
1716 1249 1789 1324 Ἀθη-
1800 1262 1821 1302 κ

183 1337 264 1402 στων]
282 1327 402 1401 δηλονότι
416 1325 556 1405 σωμάτιον.
575 1327 634 1386 τινά
648 1328 699 1410 γάρ
715 1332 729 1386 θ
743 1328 880 1408 άνεμοςτῇ
897 1332 964 1410 Κερ·
1005 1327 1083 1388 ναίων
1103 1330 1168 1411 πρὸς
1189 1332 1413 1406 Πελοποννησίους
1432 1333 1541 1413 πρώτη,
1556 1357 1589 1412 τη
1609 1334 1686 1403 ταξει
1707 1334 1736 1394 δέ
1749 1359 1789 1395 τι·

183 1414 251 1496 κύρφι
264 1413 431 1497 προαέρριψε.
445 1414 840 1497 -Προσκομίσαι]έφρόντιζον
855 1416 906 1496 γάρ
919 1421 966 1489 τῆς
1005 1416 1097 1496 τάρτη.
1119 1451 1161 1463 --
1181 1420 1275 1497 Τοῖςδε
1299 1418 1444 1500 ξυμμάχοις
1467 1411 1536 1492 ούσι]
1563 1418 1612 1491 τήν
1643 1421 1788 1500 ἐπιμαχίαν

183 1509 268 1583 ταφῆς
289 1505 341 1561 τῶν
366 1505 394 1561 ἐν
416 1504 453 1582 τῷ
473 1501 584 1582 πολέμῳ
607 1501 766 1563 πιπτόντων.
787 1537 819 1548 -
837 1501 908 1585 Πρός
932 1502 965 1561 τά
1006 1502 1157 1585 ξυμμαχίαν
1170 1505 1250 1584 λέγει.
1270 1510 1287 1583 §
1308 1510 1417 1567 Μᾶλλον
1436 1510 1464 1567 δέ
1481 1506 1550 1565 κατά
1568 1504 1602 1566 τά
1620 1508 1789 1590 προλαὸόνια

184 1589 304 1669 Σύόοτα]
321 1588 427 1650 Σύόοτα
442 1587 510 1647 ἀλλα
525 1591 551 1647 έν
565 1593 598 1668 τῇ
619 1590 736 1670 ἠπείρῳ,
751 1588 896 1668 ὁμωνύμως
908 1591 966 1656 ταῖς
1005 1590 1051 1649 καὶ
1064 1592 1176 1672 ἀντοιῦθά
1187 1617 1274 1674 φησιν.
1287 1586 1324 1662 οἷς
1334 1593 1385 1677 γάρ
1399 1594 1472 1654 αὐτοί
1483 1592 1631 1675 ἀπιμαχίαν
1643 1595 1789 1666 στείλαντες

144 1694 170 1736 1⁵
184 1677 235 1758 πρδ
250 1683 345 1758 μικροῦ
358 1674 504 1755 λιχθείσαις
517 1674 604 1746 νήσοις
614 1675 666 1758 πρὸ
678 1680 726 1748 τῆς
741 1676 885 1757 Κερκύρας.
900 1712 931 1725 -
942 1696 964 1735 ι.
1005 1678 1139 1753 έὸοήθουν,
1154 1680 1265 1750 ἐκείνους
1279 1687 1364 1742 αὐτῶν
1377 1682 1533 1762 συμμάχους
1546 1682 1606 1762 άρτι
1620 1685 1715 1758 καλεῖ,
1727 1684 1789 1745 εἰκό-
1800 1702 1820 1742 ιι

182 1769 250 1832 Ταῖς
269 1762 409 1843 πλωΐμσις]
428 1764 485 1830 τᾶἵς
504 1762 659 1842 πληγείσαις
683 1762 740 1840 μὲν,
763 1764 917 1842 δυναμέναις
938 1762 965 1822 δέ
1005 1791 1068 1840 τως,
1081 1771 1116 1832 ὡς
1131 1768 1205 1846 μόλις
1218 1771 1264 1830 καὶ
1279 1769 1321 1830 διδ
1336 1750 1496 1876 ξυμμαχίαν,
1510 1771 1542 1842 ἣν
1556 1769 1712 1852 προέφημιο
1726 1775 1788 1831 ἀοι.

182 1855 266 1913 πλεῖν·
283 1887 316 1902 -
336 1846 447 1934 Aoum]
473 1853 566 1927 θγῑῑῗς,
589 1851 725 1918 ἅὸλαὸεἷς.
749 1878 781 1901 ⁶
801 1851 964 1930 Ἀντέπλεον]
1006 1853 1086 1933 δοχὴν
1099 1862 1145 1914 τοῦ
1159 1855 1220 1916 ὅλου
1238 1856 1353 1936 πολέμου
1369 1881 1435 1917 ειναι
1449 1858 1495 1918 καί
1512 1861 1559 1929 τῆς
1572 1861 1625 1916 τῶν
1643 1857 1788 1940 ξυμμάχων

182 1940 226 2001 έπί
245 1939 275 1998 τδ
291 1941 408 1998 κωλῦσαι
423 1937 548 2010 δηλονότι.
563 1973 593 1984 -
609 1959 632 2000 ε.
648 1938 728 2019 Ὀψέ]
743 1941 771 1996 οὐ
790 1938 860 2015 λέγει
880 1937 920 1998 ὅτι
933 1931 965 2011 ήν
1007 1939 1072 2021 πρὸς
1089 1939 1148 2010 τοθς
1167 1944 1308 2021 πολεμίους
1326 1944 1421 2026 ἔχθρας
1444 1944 1581 2016 υίκείωσιν,
1601 1943 1652 2016 τήν
1674 1947 1705 2004 έκ
1724 1945 1788 2006 πολύ

182 2027 294 2109 ίαπέρα,
304 2026 361 2086 ἀλλ’
372 2029 406 2092 ὡς
417 2025 510 2098 ίννάτη
522 2024 539 2095 ἢ
550 2025 645 2098 δεκάτη
660 2023 769 2106 ώρα·τδ
779 2025 830 2107 γάρ
843 2026 911 2108 [ὀψέ]
922 2025 966 2084 ἀπὶ
1006 2028 1120 2106 μείζονος
1137 2033 1278 2090 σταλεῖσαν
1296 2031 1396 2101 πόλεως
1414 2032 1459 2091 καί
1474 2031 1621 2112 ἐπιμαχίαν
1638 2033 1787 2108 ἀντισηκώ-

141 2137 171 2180 2⁰
182 2120 230 2188 τῆς
243 2114 354 2197 ίσπέρας
369 2112 439 2182 ἀπαξ
456 2114 540 2172 κεῖται
556 2116 582 2172 ἀν
598 2118 632 2193 τῇ
651 2113 726 2194 τρίτῃ
745 2121 778 2186 [υ.
794 2121 852 2186 1081.
865 2144 898 2156 -
912 2113 966 2176 Καὶ
1006 2138 1112 2184 σαντας.
1798 2131 1821 2172 n

182 2201 372 2263 ἀπεπαιώνιστο
383 2203 470 2268 αὐτοῖς
481 2203 516 2267 ὡς
530 2200 667 2279 ἐπίπλων]
682 2201 727 2260 δύο
740 2211 853 2269 παιᾶνας
865 2194 927 2282 Ιήδον
941 2206 965 2262 οί
1045 2205 1120 2266 LIV.
1141 2204 1185 2266 Τά
1197 2230 1225 2265 τε
1239 2205 1364 2286 ναυάγια]
1378 2205 1518 2288 γράφεται,
1530 2204 1565 2265 τά
1575 2229 1604 2264 τε
1614 2207 1733 2286 ναυάγια
1745 2209 1789 2268 καί

180 2290 324 2363 Ἕλληνες,
338 2287 389 2368 πρὸ
400 2286 448 2366 μέν
459 2293 506 2346 τοῦ
518 2286 634 2365 πολέμου
648 2292 687 2369 τῷ
700 2287 788 2371 Ἄρει,
801 2289 867 2367 μετά
882 2291 909 2349 δὲ
921 2291 965 2349 τδν
1006 2290 1064 2359 τοὺς
1083 2290 1186 2372 νεκροθς
1200 2293 1345 2365 ἀνείλοντο,
1360 2292 1393 2351 τά
1410 2291 1480 2352 κατά
1500 2301 1580 2374 σφάς,
1603 2292 1789 2374 ίξενιχθέντιαι

182 2379 296 2456 πόλεμον
316 2380 354 2459 τῷ
370 2374 522 2436 Ἀπόλλωνι.
536 2375 566 2434 τὸ
584 2375 611 2434 δὲ
628 2379 663 2443 ώς
679 2376 805 2435 ἐπίπλουν
819 2376 889 2456 λέγει
908 2379 965 2437 ἀντί
1006 2380 1056 2439 ὑπό
1076 2404 1106 2439 τε
1125 2386 1171 2439 τοῦ
1186 2385 1232 2462 ῥοῦ
1255 2380 1301 2439 καί
1316 2378 1421 2458 ἀνέμου.
1435 2415 1476 2425 -
1495 2379 1649 2459 Γενόμενος]
1671 2380 1786 2453 λείπειή

180 2473 244 2544 τοῦ,
254 2470 289 2533 ὡς
299 2464 364 2544 πρδς
377 2463 406 2522 τὸ
417 2461 494 2544 ἀρξαι
507 2468 553 2521 τοῦ
567 2461 693 2541 πολέμου.
708 2463 773 2544 ὅπερ
788 2464 846 2524 δέον
856 2465 908 2547 πρὸ
919 2471 966 2537 τῆς
1006 2464 1063 2539 διά,
1076 2465 1109 2525 ἵν’
1126 2459 1145 2546 ή
1164 2460 1350 2544 διαγενόμενος.
1365 2502 1406 2513 -
1419 2469 1561 2547 Πανταχῆ]
1581 2472 1627 2541 τῆς
1649 2466 1788 2549 Κερκύρας

142 2585 169 2626 5
182 2552 332 2632 ναυμαχίας
347 2550 437 2621 εἰπεῖν,
453 2547 558 2630 ὕστερον
576 2548 660 2628 λέγει.
672 2551 760 2619 -Ὡς
779 2551 916 2632 ἐπίπλουν]
931 2558 966 2622 ῶς
1006 2557 1139 2633 πανταχῆ.
1159 2581 1190 2592 -
1203 2574 1225 2615 2.
1252 2554 1484 2634 Προσεποιήσαντο
1518 2552 1724 2624 ίδιοπυιήσαντο.
1748 2563 1820 2603 -S

182 2639 348 2705 ἐπιπλέοντες
364 2635 433 2696 κατὰ
445 2639 497 2695 τῶν
518 2636 673 2718 Κορινθίων.
689 2637 860 2719 -Πρύμναν
874 2638 966 2721 έκρού-
1005 2642 1064 2700 Οὐκ
1079 2639 1205 2707 ἐλάσσους
1217 2640 1320 2721 χιλίων]
1330 2641 1410 2720 χίλιοι
1421 2641 1471 2722 γὰρ
1500 2663 1549 2700 σαν
1559 2641 1787 2712 καὶπτντήκοντα.

182 2729 252 2808 οντα]
261 2725 382 2808 πρύμναν
392 2721 529 2805 κρούεσθαι
539 2724 595 2784 ἔστί
606 2725 636 2785 τθ
648 2727 706 2784 κατ’
720 2727 807 2804 ὀλίγον
818 2729 965 2808 ἀναχωρεῖν
1005 2761 1046 2773 -
1060 2728 1273 2807 Καταδύσαντες]
1287 2728 1345 2788 ἀντί
1360 2735 1405 2788 τοῦ
1424 2726 1582 2809 τρώσαντες·
1600 2730 1630 2788 οὗ
1651 2728 1703 2809 γάρ
1717 2729 1787 2808 λέγοι

183 2817 221 2897 μή
234 2814 381 2897 στρέψαντα
395 2812 425 2872 τθ
444 2813 547 2872 πλοῖον·
562 2816 577 2871 θ
591 2811 643 2895 γάρ
662 2812 743 2881 οῦτως
758 2816 903 2895 ἀναχωρῶν
920 2815 965 2875 ίπί
1005 2813 1049 2872 έπί
1063 2820 1108 2873 τοῦ
1123 2815 1307 2894 βαπτίσαντες.
1321 2822 1422 2875 τοιοῦτο
1434 2814 1462 2874 δέ
1475 2818 1531 2874 ἐστι
1544 2815 1590 2874 καὶ
1603 2815 1633 2874 τδ
1650 2816 1690 2894 [ο.
1705 2823 1743 2889 ιο]
1757 2815 1787 2883 ἀς

181 2904 230 2977 τὴν
250 2902 371 2984 πρύμναν
391 2903 554 2973 κωπηλατεῑ.
571 2907 648 2960 τοῦτο
669 2901 697 2961 δὲ
716 2907 843 2974 ποιοῦσιν,
863 2900 907 2961 ἵνα
921 2903 965 2962 δυ’-
1005 2902 1189 2965 καταδύσειαν.
1211 2939 1252 2951 -
1273 2903 1411 2983 Μάλιστα]
1430 2903 1460 2963 τδ
1483 2902 1598 2980 μάλιστα
1620 2900 1638 2974 ἢ
1658 2901 1724 2985 πρδς
1741 2902 1786 2963 τὸν

141 3006 169 3048 συ
183 2991 245 3061 ξωαι
255 2989 293 3069 μή
304 2992 419 3072 φανερῶς
433 2986 545 3068 φεύγειν,
555 2988 623 3048 οὕτω
635 2992 694 3049 κατ’
705 2989 791 3067 ὀλίγον
801 2989 963 3058 ίιπανιόντες·
1005 2988 1124 3071 ἀριθμδν,
1138 2989 1179 3049 ότι
1192 2990 1252 3069 οιίχί
1265 2989 1347 3050 εἴκοσι
1362 2989 1449 3062 ίννέα,
1462 2989 1480 3062 ή
1494 2990 1559 3070 πρδς
1571 2989 1602 3049 τδ
1616 2989 1785 3071 διαφθείραν-
1797 3002 1820 3043 ὓ

181 3077 255 3152 ἢίνα
276 3076 314 3158 μὴ
329 3077 363 3137 τά
379 3080 450 3137 νῶτα
470 3080 524 3144 τοῖς
543 3076 677 3155 πολεμίοις
694 3076 781 3145 δόντες
796 3081 857 3160 ῥᾷον
870 3077 963 3158 τιτρώ-
1005 3100 1059 3151 τες,
1074 3076 1114 3136 δτι
1136 3080 1166 3137 οὗ
1188 3078 1266 3156 μόνον
1287 3077 1415 3159 ἔτρωσαν,
1436 3077 1505 3136 ἀλλά
1524 3077 1641 3155 μάλιστα
1665 3076 1787 3160 ίφθειραν

182 3190 306 3227 σκωνται.
1006 3164 1101 3236 αθτάς,
1117 3168 1209 3224 ἐκεῖνοι
1226 3163 1253 3224 δὲ
1268 3164 1346 3243 μόνον
1360 3163 1516 3225 κατέδυσαν.

220 3257 270 3316 LI.
291 3253 459 3336 Προῖδόντες]
472 3251 524 3334 πρδ
536 3255 588 3311 τῶν
603 3251 781 3334 Κερκυραίων.
797 3287 838 3298 -
851 3252 963 3312 Ὑποτο·
1045 3254 1104 3314 LV.
1127 3252 1321 3332 Ἀποπλέοντες]
1334 3252 1387 3311 α’πδ
1400 3255 1451 3310 τῶν
1464 3250 1588 3312 Συόότων
1600 3250 1734 3319 πλέοντες.
1747 3285 1789 3298 -

181 3341 323 3422 πτίσαντες]
338 3341 396 3401 ἀντὶ
408 3346 455 3401 τοῦ
472 3338 696 3407 ύποπτεύσαντες·
711 3340 779 3399 οθτω
792 3338 879 3420 γάροὶ
894 3340 965 3412 Ἀθη·
1006 3331 1085 3402 Είλον
1110 3340 1212 3420 ἀπάτῃ]
1237 3344 1272 3408 ὡς
1295 3339 1366 3422 φίλοι
1388 3337 1440 3421 γδρ
1464 3341 1514 3418 οὐχ
1540 3337 1726 3400 θπαπτεύοντο.
1746 3374 1787 3387 -

142 3449 169 3492 τε
183 3435 250 3490 ναῖοι
260 3429 400 3491 ἀναλύουσι
410 3428 459 3502 τήν
470 3428 548 3497 λέξιν.
559 3452 600 3474 ⁴-
611 3449 633 3488 2.
643 3427 790 3489 Ἔπέπλεον
798 3427 849 3508 γάρ
863 3431 963 3506 μᾶλλον
1005 3428 1152 3507 Ἀπίδοντο]
1178 3426 1326 3500 ἀπώλησαν.
1345 3461 1385 3472 -
1398 3425 1547 3504 Ἀπέδοντο]
1575 3423 1618 3484 διά
1643 3423 1681 3485 τά
1708 3428 1736 3484 έν
1749 3430 1787 3507 τῷ
1798 3444 1823 3482 ι

183 3521 213 3578 ίκ
232 3524 278 3579 τοῦ
295 3518 420 3600 ἀφανοῦς]
433 3519 461 3575 αί
484 3514 568 3575 εἴκοσι
581 3519 640 3587 νῆες
658 3519 711 3574 τῶν
725 3515 881 3587 Ἀθηναίων·
894 3517 964 3576 κατά
1004 3516 1113 3598 πολέμῳ
1140 3514 1320 3593 ἀναλώματα,
1348 3513 1395 3573 καὶ
1420 3515 1467 3572 οθκ
1495 3512 1660 3572 ἀπέκτειναν.
1690 3511 1734 3573 διά
1759 3513 1787 3572 δί

181 3605 264 3665 νώτου
281 3604 333 3686 γάρ
351 3607 437 3663 αὐτῶν
455 3595 533 3676 ἦσαν.
553 3635 595 3648 -·
612 3600 779 3680 Ἐθαύμαζον
792 3601 850 3670 τοθς
865 3606 963 3683 Κοριν·
1004 3603 1096 3664 τούτου
1112 3602 1158 3662 καί
1180 3602 1209 3662 τὸ
1223 3601 1322 3683 ἥμερον
1342 3606 1387 3660 τοῦ
1398 3599 1559 3672 ῙΕλληνικοῦ
1579 3597 1677 3680 τρόπου
1699 3600 1785 3671 δηλοῖ,

181 3691 262 3772 θίους]
274 3691 400 3769 θαυμάζω
420 3713 481 3765 σου,
495 3689 539 3749 ίπί
559 3688 696 3771 μέμψεως·
715 3689 841 3764 θαυμάζω
861 3713 905 3764 σε,
920 3691 964 3750 ἀπὶ
1004 3691 1097 3759 καλῶς
1112 3687 1209 3763 ἀπηνές
1224 3687 1291 3767 μετά
1303 3688 1392 3767 μάχην
1407 3687 1467 3754 τοὺς
1482 3685 1634 3754 ἑαλωκότας
1648 3691 1786 3760 θανατοῦν,

181 3779 289 3842 ἐπαίνου
302 3779 348 3839 καί
360 3778 487 3845 πολλάκις
501 3777 658 3850 ἐκπλήξεως.
672 3813 713 3823 -
729 3777 858 3860 Πρύμναν
872 3802 965 3857 κρουο-
1005 3779 1090 3847 άλλως
1106 3802 1134 3837 τε
1153 3778 1198 3837 καί
1217 3777 1322 3844 δούλους
1338 3775 1398 3844 τοῦς
1417 3774 1454 3853 μή
1473 3773 1542 3834 κατά
1559 3772 1668 3853 γνώμην
1687 3774 1786 3834 οίιιιίαν

142 3888 169 3927 ιυ
184 3867 286 3948 μένους]
297 3869 540 3946 έπαναχωροῦντας.
550 3901 591 3911 -
601 3864 659 3938 Τήν
670 3865 787 3938 διάλυσιν
794 3865 964 3947 ἐποιήσαντο]
1003 3869 1191 3944 πολεμοῦντας.
1797 3876 1822 3915 ⁴⁰

182 3958 338 4028 διελύθησαν
356 3955 402 4014 ἀπ’
418 3953 550 4026 ἀλλήλοιν.
570 3988 612 3999 -
628 3973 650 4012 ι.
668 3952 966 4035 Στρατοπεδιυομίνοις]
1045 3957 1119 4016 LVI.
1134 3975 1156 4014 α.
1179 3950 1291 4032 Αθτούς]
1309 3949 1369 4019 τοθς
1385 3949 1541 4022 Ἀθηναίους.
1558 3982 1599 3995 -.
1613 3946 1654 4008 Tb
1668 3949 1696 4016 ἐς
1709 3949 1788 4008 Παλ.

183 4045 374 4122 σκηνωμένοις.
389 4075 430 4089 -
445 4041 604 4120 Ἀνδοκίδης]
618 4044 633 4099 θ
647 4032 682 4108 εἷς
696 4045 748 4100 τῶν
759 4040 823 4101 δέκα
838 4040 965 4122 ρητόρων,
1004 4042 1086 4115 λήνην
1100 4040 1199 4121 τεῖχος]
1213 4039 1272 4107 ἀντὶ
1280 4043 1326 4097 τοῦ
1336 4038 1366 4097 τὸ
1381 4036 1458 4117 μέρος
1469 4043 1514 4096 τοῦ
1526 4034 1628 4115 τείχους
1638 4034 1668 4094 τὸ
1682 4037 1788 4116 ἀφορῶν

182 4132 219 4201 ώς
231 4155 309 4214 φησιν
325 4128 500 4197 Ἀκουσίλαος.
518 4162 560 4175 -·
579 4127 631 4190 Διά
646 4132 699 4188 τῶν
713 4132 809 4211 νεκρῶν
823 4128 869 4188 καί
883 4153 965 4188 ναυα-
1005 4134 1031 4199 ἀς
1043 4130 1092 4203 τὴν
1110 4126 1265 4199 Παλλήνην.
1285 4162 1327 4172 -
1346 4124 1493 4205 Ὁμήρους]
1511 4121 1570 4190 τοθς
1591 4121 1668 4181 ἕνεκα
1683 4123 1787 4204 εἰρήνης

181 4222 257 4303 γίων]
267 4225 319 4282 τῶν
334 4223 522 4302 Κερκυραϊκῶν
543 4218 672 4291 δηλονότι.
693 4253 734 4264 -
754 4239 776 4280 ε.
790 4217 965 4299 Ὡρμίσαντο]
1005 4217 1152 4297 διδομένους
1168 4219 1203 4283 είς
1218 4216 1338 4295 ἀνέχυρα.
1352 4212 1539 4292 -Ὁμήρους
1553 4210 1654 4289 δοῦναι]
1667 4207 1727 4282 ίνα,
1742 4209 1786 4270 lh

142 4328 169 4369 ιε
183 4307 243 4376 τοθς
256 4307 404 4381 Ἀθηναίους
418 4310 442 4367 οί
458 4310 624 4388 Κερκυραῖοι.
1006 4308 1168 4380 ἀποστῶσιν,
1187 4303 1314 4362 εὐάλωτοι
1327 4300 1463 4380 γένωνται.
1477 4335 1518 4347 --
1531 4296 1786 4380 Ἐπιδημιουργυύς]
1797 4309 1823 4349 ⁴⁸

224 4398 287 4458 LII.
309 4395 356 4456 Ἐν
380 4399 434 4462 τοῖς
457 4393 593 4466 Συῦότσις]
617 4402 670 4461 τοῖς
687 4397 735 4465 τῆς
751 4391 869 4474 ἠπείρου.
883 4428 924 4439 -
941 4413 964 4453 ε.
1005 4397 1019 4452 θ
1034 4390 1227 4463 Ἀσκληπιάδης
1237 4389 1286 4461 τήν
1298 4388 1342 4448 ἐπί
1354 4387 1475 4469 πρόθεσιν
1488 4383 1613 4465 περιττὴν
1626 4375 1693 4443 είναι
1708 4384 1786 4464 λέγει.

182 4482 765 4566 Ἀκραιφνεῑς]ἀόλαόεῖς,ἀκεραιοφανεῖς.-
780 4481 965 4562 Αίχμαλώτων
1005 4483 1029 4560 §.
1054 4476 1271 4560 Ἔπιδημιουργολ
1297 4475 1420 4556 ἄρχοντες
1444 4472 1621 4552 πεμπόμενοι,
1644 4472 1787 4553 φυλάρχων

182 4594 211 4630 τε
224 4569 285 4652 περί
299 4571 429 4650 φυλακῆς]
449 4569 561 4651 ήπόρουν
579 4573 635 4636 πῶς
650 4568 742 4636 αιίτοθς
761 4569 911 4652 φυλάξουσι.
925 4605 966 4616 -
1005 4566 1077 4636 τάξιν
1092 4566 1204 4646 ἔχοντες.
1224 4561 1472 4644 ᾗέπιδημιουργοθς
1489 4559 1548 4626 τοὺς
1566 4557 1728 4636 ἐπιμελητὰς
1741 4561 1788 4629 τῆς

184 4658 240 4720 Καὶ
255 4656 393 4729 ἐπισκευήν
405 4659 453 4730 οῦκ
467 4648 546 4717 υύσαν
558 4661 610 4717 τῶν
624 4658 700 4736 νεῶν]
714 4655 752 4735 μὴ
767 4655 906 4736 δυνάμενοι
919 4655 965 4725 τάς
1006 4653 1164 4719 ἀνακτίσεως
1179 4656 1231 4711 τῶν
1246 4655 1351 4731 τειχῶν.
1365 4654 1382 4728 §
1397 4650 1479 4726 ὄνομα
1496 4651 1579 4728 ἀρχῆς
1592 4650 1606 4706 ὁ
1620 4647 1787 4725 ἐπιδημιουρ-

145 4773 172 4812 ω
186 4743 329 4826 βλαόιίσας
341 4749 393 4804 τῶν
406 4748 471 4804 νιῶν
485 4744 666 4805 ἐπισκευάσαι.
1004 4742 1049 4820 γδς
1061 4739 1135 4822 παρδ
1150 4739 1294 4820 Κορινθίοις
1308 4738 1459 4818 [ἀποίκοις]
1476 4736 1551 4795 ἄλλοι
1562 4732 1613 4815 γδιρ
1628 4733 1716 4801 άλλως
1728 4730 1787 4800 τυλς
1800 4757 1827 4796 ιν

224 4836 305 4896 Llll.
331 4831 469 4906 Κελήτιον]
485 4833 577 4914 μικρὸν
599 4831 742 4914 πλοιάριον,
758 4831 808 4891 θπδ
822 4831 876 4899 ένδς
890 4834 965 4914 έρετ-
1006 4829 1134 4910 ἄρχοντας
1151 4833 1285 4889 καλοῦσιν.
1302 4825 1386 4886 ἰστέον
1401 4823 1428 4885 δέ
1445 4823 1484 4884 ότι
1499 4821 1605 4889 τούτους
1623 4819 1786 4880 ἀπέστελλον

185 4919 525 5002 τόμενον,ἀιτ“ομεταφοράς
538 4918 805 4992 τοῦκέλητοςίππου,
817 4909 839 5002 ᾧ
851 4911 965 5002 ιῖςάνὴρ
1005 4920 1029 4978 οἱ
1053 4916 1183 4998 Κορίνθιοι
1204 4915 1273 4976 κατά
1294 4914 1349 4981 έτος
1373 4913 1503 4994 ἄρχοντας
1523 4907 1727 4982 Ποτιδαιάταις,
1749 4911 1786 4975 ῶς

186 5010 353 5081 ίπικάθηται.
370 5043 411 5055 --
429 5006 505 5069 Ἄνευ
525 5008 661 5091 κηρυκίου]
676 5005 800 5090 κηρύκιόν
820 5010 876 5067 ἐστι
891 5006 964 5076 ξύλον
1005 5004 1132 5072 ἀποίκοις.
1148 5039 1189 5049 -
1201 5001 1350 5079 Δείσαντες]
1365 5000 1503 5071 Ἀθηναῖοι.

186 5096 271 5181 θρθδν,
294 5093 354 5176 ίχον
377 5093 534 5177 έκατίρωθεν
555 5095 601 5155 δύο
620 5095 690 5176 ὄφεις
711 5093 965 5173 περιπιπλεγμίνους
1047 5094 1137 5155 Lvll.
1153 5113 1175 5152 τ.
1191 5088 1369 5172 Ἄλιξάνδρου]
1380 5092 1425 5148 τοῦ
1437 5084 1599 5158 Φιλίλληνος
1609 5081 1785 5162 καλουμένου,
