3676 5828
736 355 908 419 scfloLlA.
924 358 953 436 1,
971 366 1096 419 ευ-εε.
1678 362 1713 415 19

102 456 208 517 ἔσεσθαί
219 480 284 516 ποτε
299 449 371 525 αύθις
389 456 512 518 τοιούτων
532 459 578 517 καί
597 459 800 540 παραπλησίων,
814 461 883 522 κατά
924 461 1066 543 προςοέκων
1075 463 1228 545 βαρύάρων]
1237 454 1288 524 τῶν
1295 465 1525 525 Ταυλαντίων-
1558 469 1707 549 ηςπολλῆς]

101 546 132 604 τό
147 544 317 628 ἀνθρώπειον.
330 581 371 592 -
384 545 463 607 Κατά
476 546 506 606 τὸ
518 544 689 630 ἀνθρώπειον]
697 548 787 620 ἐπειδὴ
799 549 885 623 ἀδηλα
925 550 954 608 ού
972 548 1024 627 μὴν
1037 554 1084 622 τῆς
1101 549 1198 623 πάσης.
1214 589 1248 599 -
1262 573 1284 613 ε.
1304 550 1349 613 Τά
1361 553 1389 612 δέ
1410 555 1560 634 τελευταῖα]
1576 554 1634 613 ἀντί
1647 561 1709 630 τοῦ,

101 632 136 693 τά
156 634 315 714 ἀνθρώπινα.
329 669 370 680 -
388 635 500 713 Κτῆμα]
516 633 612 713 κέρδος.
635 640 742 713 κτῆμα,
757 636 805 709 τὴν
820 636 886 709 ἀλή-
925 637 998 706 τέλος
1016 640 1058 707 δέ,
1072 637 1142 698 κατδ
1158 639 1192 699 τά
1209 643 1363 719 τελευταῖα,
1377 642 1457 719 ἤγουν
1473 641 1544 702 κατδ
1560 641 1595 702 τίι
1615 647 1708 703 τελευ-

101 728 182 782 θειαν·
197 722 349 801 ἀγώνισμα,
364 723 408 782 τὸν
423 721 520 802 γλυκδν
538 721 624 801 λόγον.
649 723 789 784 αἰνίττεται
803 724 831 783 δὲ
852 724 885 783 τά
926 729 988 784 τοῖα
1002 729 1048 797 τῆς
1061 726 1178 794 στάσεως
1194 730 1289 789 αὐτῶν.
1302 763 1343 775 -
1358 729 1417 810 Πρὸ
1430 731 1505 790 τοῦδε
1520 737 1566 790 τοῦ
1580 729 1710 810 πολέμου]

72 835 87 877 ι
102 810 200 890 μυθικὰ
212 809 408 890 Ἡροδότου-
416 808 796 890 Ἄγώνισμα]θίαμα,παιδιίι,
805 836 885 885 ποιη-
925 819 971 872 τοῦ
985 816 1244 886 Πελοποννησιακοῦ.
1257 850 1292 861 -
1302 818 1407 896 Αὐτῶν]
1414 822 1466 877 τῶν
1475 817 1665 897 Ἐπιδαμνίων.
1676 848 1710 858 -
1724 842 1737 880 σ

100 898 173 959 τικδν
185 899 324 978 ἀγώνισμα
336 899 530 980 κωμῳδοποιῶν
543 895 560 969 ἢ
572 901 781 980 τραγῳδοποιῶν.
797 903 814 977 §
828 898 885 960 έπέ-
926 920 948 961 σ.
967 899 1036 967 Τούς
1057 923 1086 960 τε
1104 899 1256 983 φεύγοντας]
1276 903 1335 971 τοῦς
1358 903 1504 972 πλουσίους.
1522 941 1553 954 -
1572 926 1595 966 7.
1616 905 1663 975 Ἐς
1679 909 1710 968 τὸ

102 986 189 1057 δειξιν.
204 1022 244 1033 -
258 987 412 1066 Ξύγκειται]
434 987 566 1060 τουτέστι,
586 986 667 1068 σαφές
683 990 753 1062 ἐστι,
774 986 886 1070 ξυγγρά-
927 986 1047 1067 Ἧραῖον]
1065 991 1091 1048 έν
1104 993 1143 1070 τῷ
1156 993 1212 1070 ναῷ
1229 995 1277 1062 τῆς
1292 988 1389 1072 Ἥρας.
1403 1026 1444 1038 -—
1455 991 1513 1064 Τὴν
1534 993 1647 1053 ἰκετείαν
1661 997 1710 1056 οῦκ

101 1099 187 1158 φεται.
926 1074 1059 1155 ἐδέξαντο]
1074 1075 1134 1156 υθχί
1153 1075 1201 1148 τὴν
1217 1078 1358 1159 πρεσύείαν
1372 1082 1417 1138 οῦκ
1432 1078 1564 1153 ἐδέξαντο,
1579 1079 1648 1140 ἀλλά
1663 1081 1711 1155 τὴν

142 1165 248 1226 ΧΧΠΙ.
270 1162 517 1243 Δυεῖνναυμαχίαιν
532 1163 578 1221 καί
589 1161 776 1243 πεζομαχίαιν]
787 1187 887 1241 ναυμα·
925 1162 1066 1244 τιμωρίαν.
1080 1161 1111 1222 τδ
1125 1162 1198 1230 τέλος
1211 1154 1282 1222 εῖπεν
1297 1163 1355 1224 ἀντί
1369 1168 1416 1236 τἠ’ς
1428 1165 1558 1246 πράξεως,
1576 1167 1713 1246 συντομώ-

61 1271 88 1311 εο
101 1250 159 1333 χίαι
171 1250 229 1324 δύο,
244 1252 272 1311 έν
285 1249 449 1332 Ἀρτεμισίῳ,
457 1252 483 1308 έν
493 1251 636 1329 Σαλαμῖνι·
647 1251 809 1333 πεζομαχέαι
826 1250 885 1325 δύο,
926 1273 999 1332 τερον
1015 1249 1096 1310 εἰπών
1109 1249 1156 1309 καί
1170 1250 1328 1332 καινότερον.
1347 1252 1377 1311 τδ
1391 1250 1441 1334 γάρ
1460 1253 1541 1312 εἰπεῖν
1560 1253 1600 1317 ὅτι
1617 1255 1712 1315 ύπεδέ-
1728 1274 1753 1314 ιο

101 1343 129 1400 έν
155 1339 273 1413 Πύλαις,
297 1342 323 1400 έν
352 1340 510 1406 Πλαταιαῖς.
527 1376 559 1391 -
582 1341 702 1418 Ταχιῖαν
728 1339 776 1413 τὴν
801 1339 885 1423 κρίσιν
926 1337 1002 1408 ξαντο
1012 1337 1062 1412 τὴν
1072 1339 1215 1420 πρεσύιίαν
1228 1339 1273 1400 καί
1286 1337 1425 1399 κατέθεντο
1438 1339 1485 1412 τὴν
1497 1340 1625 1423 τιμωρίαν
1635 1347 1714 1416 ποιῆἱ

101 1427 191 1508 έσχεν]
198 1427 279 1506 ἤγουν
286 1424 389 1507 ταχέως
398 1425 542 1486 ἐπαύσατο.
552 1461 593 1472 -
601 1424 704 1488 Τούτου
717 1427 743 1487 δὲ
754 1433 800 1487 τοῦ
812 1427 888 1488 πολέ-
927 1449 988 1501 σαι,
1000 1427 1101 1506 μακρδν
1112 1426 1143 1486 ἀν
1155 1427 1257 1507 έγένετο
1267 1427 1313 1487 καί
1325 1426 1432 1501 σύνηθες
1443 1426 1512 1487 κατδ
1525 1427 1573 1500 τὴν
1588 1429 1692 1511 φράσιν.

101 1518 166 1596 μαι]
179 1523 225 1576 τοῦ
240 1513 464 1587 Πελοποννησίου.
483 1549 524 1561 -
541 1514 588 1576 Ἔν
611 1514 663 1597 ίσῳ
685 1515 785 1598 χρόνῳ]
800 1519 827 1577 έν
844 1518 884 1587 κζ’
967 1516 1056 1576 XXV.
1077 1514 1215 1596 Τιμωρίαν
1240 1507 1332 1595 ούσαν]
1353 1515 1476 1596 βοήθειαν
1494 1505 1583 1576 ούσαν.
1604 1516 1622 1588 ἢ
1643 1520 1714 1577 ῦπα-

102 1603 195 1664 έτεσιν.
207 1639 248 1650 -
260 1624 282 1664 α.
299 1602 361 1665 Εἰσί
374 1601 402 1661 δέ
414 1600 443 1660 αἰ
452 1602 497 1660 καί
509 1602 646 1684 οἰκήτορας
662 1602 818 1683 μετέύαλον]
834 1596 887 1665 οἷον
927 1601 1049 1663 κουστίον
1063 1601 1094 1661 τίι
1108 1602 1177 1662 κατά
1193 1605 1245 1662 τῶν
1259 1602 1427 1663 ἀδικούντων.
1446 1606 1463 1680 §
1477 1603 1628 1685 Τιρωρίαν,
1644 1604 1714 1664 κατά

62 1696 120 1764 1ιὴ
139 1691 269 1754 Ποτίδαια
289 1691 335 1750 καί
349 1690 454 1769 Αἰγινα.
468 1725 509 1736 -
530 1689 565 1752 ‘0
580 1690 606 1750 δέ
623 1690 666 1749 διά
681 1690 712 1750 τίι
727 1694 887 1771 στασιάζειν]
926 1695 978 1750 τῶν
992 1689 1149 1750 ἀδικούντων
1168 1690 1261 1758 αὐτοὺς
1276 1691 1391 1764 δηλαδὴ,
1406 1691 1547 1764 ἐκδίκησιν.
1563 1724 1597 1733 -
1610 1693 1712 1754 Θέσθαι
1729 1717 1753 1757 ιιι

102 1779 156 1838 ἀπό
167 1784 253 1838 κοινοῦ
259 1776 289 1837 τδ
298 1776 439 1857 ξυνηνέχθη
448 1776 580 1856 γενέσθαι.
592 1799 662 1841 -υ,
674 1779 717 1840 Τά
727 1803 755 1839 τε
761 1779 887 1862 πρότερον
927 1776 957 1835 τδ
970 1777 1066 1859 παρόν]
1081 1775 1171 1838 θέσθαι
1184 1777 1214 1837 τὸ
1229 1769 1257 1837 ιδ
1271 1777 1375 1850 θέσθαι,
1394 1777 1424 1837 τδ
1438 1777 1465 1838 δέ
1484 1778 1568 1859 παρδν
1591 1779 1648 1839 ἀντί
1666 1787 1713 1840 τοῦ

103 1871 169 1948 ἀκοῇ
186 1865 233 1945 μέν
247 1864 377 1944 λεγόμενα
393 1866 438 1944 ...]
458 1864 503 1924 καί
522 1864 557 1924 τά
573 1865 716 1944 λεγόμενα,
735 1866 826 1948 φησίν,
847 1865 888 1927 ότι
928 1861 996 1946 [τοῦ]
1012 1863 1146 1945 παρόντος·
1162 1864 1329 1925 ἐύουλεύοντο
1343 1863 1393 1945 γάρ
1408 1865 1454 1924 καί
1471 1865 1519 1937 τὴν
1534 1865 1610 1926 πόλιν
1623 1891 1714 1948 παρα-

102 1953 219 2033 έγένοντο
227 1952 362 2035 πρότερον,
373 1951 439 2032 άπερ
448 1952 624 2035 σπανιώτερον
632 1953 700 2036 έργῳ
711 1953 887 2028 έύεύαιοῦντο,
929 1952 1073 2028 δοῦναιγκαί
1083 1951 1213 2034 τιμωρίαν
1223 1952 1324 2014 λαύεῖν.
1334 1991 1365 2002 -
1376 1952 1519 2034 Κορινθίοις
1530 1958 1565 2022 ῶς
1577 1957 1714 2034 οἰκισταῖς]

101 2039 244 2112 τουτέστιν,
259 2038 300 2098 δτι
311 2044 419 2098 τοιαῦτα
434 2037 503 2098 ἔστιν
519 2037 562 2099 ὅτε
577 2039 703 2118 ἐγένοντο.
718 2040 764 2099 καί
783 2040 889 2100 έύεύαι-
929 2039 972 2098 διδ
987 2038 1031 2098 τὸν
1046 2039 1150 2103 Φάλιον
1162 2040 1296 2113 δηλονότι,
1314 2042 1353 2122 ἐφ’
1367 2038 1427 2099 ὅσον
1447 2040 1562 2112 οἰκιστὴς
1578 2044 1655 2110 αὐτὸς
1669 2034 1711 2115 ἦν,

62 2162 90 2202 20
102 2133 179 2187 οῦντο
195 2126 230 2185 τά
243 2126 372 2205 λεγόμενα
389 2130 469 2208 ἀκοῇ,
482 2126 558 2208 ἔργῳ·
574 2128 619 2187 καὶ
637 2127 671 2186 τά
687 2130 816 2207 λεγόμενα
834 2128 888 2188 τοί-
931 2126 1063 2207 Κορίνθιος
1076 2129 1122 2189 ών.
1134 2166 1167 2178 -
1177 2129 1224 2195 Ὦς
1238 2128 1374 2205 οἰκισταῖς]
1388 2130 1438 2207 οὐχ
1451 2127 1490 2186 ύτι
1505 2130 1608 2199 ἀληθῶς
1620 2129 1712 2210 Κορίν·
1726 2151 1755 2192 ευ

102 2239 159 2292 νυν,
184 2217 231 2274 οὐκ
252 2214 351 2272 ἀπιστα
371 2213 497 2286 κατέστη.
519 2214 614 2289 πόθεν;
641 2217 668 2273 έν
686 2222 731 2275 τοῦ
754 2214 889 2294 συμῦῆναι
929 2219 979 2273 θιοι
996 2213 1088 2282 αὐτούς
1105 2215 1214 2298 ᾤκισαν,
1233 2217 1291 2273 ἀλλ’
1312 2217 1351 2297 ἐφ’
1367 2213 1427 2274 ὅσον
1448 2219 1463 2274 ό
1482 2215 1596 2287 οἰκιστλς
1610 2217 1713 2284 Φάλιος

102 2305 220 2364 τοιαῦτα.
247 2301 292 2361 καί
306 2299 358 2382 γάρ
376 2301 493 2379 ἐλέγετο,
513 2302 591 2384 φησί,
610 2302 672 2383 περὶ
693 2306 818 2382 σεισμῶν,
843 2303 889 2363 καί
931 2300 1064 2382 Κορίνθιος
1086 2304 1245 2383 ἐγένετο...
1264 2302 1320 2364 Καί
1337 2300 1468 2380 ἡγεμόνας
1491 2305 1633 2382 ποιεῖσθαι]
1654 2302 1714 2371 τοῦς

102 2389 243 2472 ἀκλείψεων
267 2389 352 2462 ἡλίου,
375 2390 421 2449 καί
442 2392 562 2470 αθχμῶν·
580 2391 626 2450 καί
643 2390 781 2470 γεγόνασιν
803 2393 829 2450 έν
851 2396 889 2472 τῷ
932 2387 1088 2472 Κορινθίους.
1101 2424 1132 2435 -
1146 2413 1167 2452 ε.
1183 2389 1261 2453 Κατά
1276 2389 1306 2448 τδ
1319 2389 1452 2467 μαντεῖον]
1466 2388 1536 2447 κατά
1554 2389 1585 2448 τδ
1601 2389 1715 2467 μάντευ-

103 2482 187 2559 καιρῷ
201 2482 246 2537 τοῦ
266 2477 382 2548 πολέμου
397 2477 529 2560 δεινότερα
550 2484 678 2555 τοιαῦτα,
691 2479 761 2538 ὥστε
778 2503 888 2540 πιστευ·
931 2503 979 2558 μα.
989 2478 1184 2560 -Παρέδοσαν
1194 2477 1242 2550 τὴν
1255 2476 1390 2555 ἀποικίαν]
1401 2485 1454 2543 τοῖς
1465 2476 1609 2557 Κορινθίοις
1618 2478 1714 2548 δηλον-

62 2597 91 2640 25
104 2569 179 2637 θῆναι
193 2565 238 2624 καί
258 2564 292 2624 τδι
304 2565 434 2643 λεγόμενα
453 2565 588 2647 πρότερον.
605 2601 647 2610 -
668 2565 723 2626 Καί
740 2565 786 2625 ἀπ’
803 2569 889 2626 αθτῶν
930 2569 979 2629 ύτι.
994 2570 1091 2632 -Τύν
1109 2591 1138 2626 τε
1152 2565 1290 2645 οἰκιστήν]
1308 2564 1421 2625 Φάλιον.
1440 2598 1481 2609 -
1501 2584 1523 2623 υ.
1543 2563 1621 2624 Κατά
1636 2587 1665 2624 τε
1684 2566 1715 2625 τὸ
1728 2586 1754 2625 ει

103 2652 150 2711 καί
162 2653 248 2733 λιμοί]
262 2652 409 2731 σημείωσαι
418 2697 426 2726 ,
436 2651 489 2712 ἀπὸ
500 2657 552 2712 τῶν
565 2655 676 2733 αὐχμῶν
687 2652 763 2732 λιμδς
775 2653 822 2713 καί
834 2655 890 2712 λοι·
931 2656 1042 2742 δίκαιον]
1056 2656 1126 2718 κατά
1139 2655 1169 2716 τό
1183 2658 1274 2716 δοκοῦν
1288 2655 1375 2720 αὐτοῖς
1394 2651 1503 2713 δίκαιον.
1525 2652 1641 2731 ἐνόμιζον
1662 2652 1714 2736 γάρ

104 2739 160 2819 μός.
180 2740 228 2813 τὴν
248 2743 276 2801 δέ
291 2740 409 2819 λοιμώδη
422 2739 497 2800 νόσον
511 2740 676 2820 παθημάτων
696 2741 760 2822 φησί
774 2741 888 2819 μείζονα.
931 2749 1017 2806 αὐτῶν
1031 2750 1131 2825 μᾶλλον
1143 2735 1211 2803 εἶναι
1224 2742 1272 2814 τὴν
1289 2740 1422 2802 ἀποικίαν.
1437 2775 1477 2786 -
1487 2739 1583 2808 Ὀντες
1599 2740 1715 2822 ἀποικοι]
1812 2718 1825 2749 ο

80 2866 83 2873 -
102 2863 145 2875 -
159 2829 310 2911 Φθείρασα]
319 2827 378 2894 τοὺς
390 2827 546 2901 Ἀθηναίους.
556 2864 598 2874 -
610 2826 688 2891 Μετά
699 2831 776 2888 τοῦδε
787 2835 832 2888 τοῦ
844 2852 891 2889 πο·
931 2835 1011 2914 ἤγουν
1024 2833 1176 2916 πέμψαντες
1186 2830 1235 2904 τὴν
1247 2828 1378 2890 ἀποικίαν.
1389 2847 1460 2888 -ι,
1472 2827 1543 2889 Ούτε
1553 2827 1606 2910 γάρ
1619 2829 1646 2887 έν
1660 2852 1715 2888 πα-

105 2913 189 2994 λέμου
203 2915 274 2995 ἀρα]
286 2922 304 2989 ἡ
318 2914 449 2989 σύνταξις,
461 2914 529 2994 μετά
542 2917 616 2975 τοῦδε
630 2921 676 2975 τοῦ
690 2916 807 2995 πολέμου
822 2915 889 2991 ἀμα.
931 2923 1080 3006 νηγύρεσιν]
1094 2920 1178 2981 ἰστέον
1193 2919 1233 2978 ότι
1247 2923 1262 2978 δ
1275 2916 1326 2997 γάρ
1340 2916 1481 2998 παρέλκει,
1495 2915 1541 2975 καί
1556 2914 1609 2975 ἀπδ
1627 2921 1714 2976 κοινῶ

64 3023 93 3066 ιο
104 3003 234 3085 παράλιον
250 3002 281 3062 τίι
295 3001 363 3082 ἀμα.
375 3038 417 3048 -
429 3022 451 3062 ι.
465 3001 523 3070 Τάς
538 3001 745 3083 τριακοντούτεις
766 3002 890 3082 σπονδαῖς]
930 3010 960 3069 τὸ
978 3009 1160 3091 παρημέλουν.
1180 3005 1198 3078 ἢ
1215 3006 1246 3067 τδ
1264 3004 1375 3072 διδόντες
1393 3004 1451 3065 ἀντὶ
1464 3008 1511 3063 τοῦ
1531 3002 1658 3064 έδίδοσαν·
1677 3005 1713 3071 ὣς
1729 3023 1756 3065 ευ

105 3088 174 3170 μετδ
190 3090 233 3159 λςί
252 3088 299 3164 έτη
318 3093 372 3150 τῶν
392 3091 520 3162 Μηδικῶν
538 3089 654 3168 ἐγένοντο
672 3092 701 3149 αἱ
721 3091 890 3169 τριακοντού-
931 3097 1109 3178 καὶὈμηρος
1122 3097 1167 3176 [11.
1184 3105 1219 3169 θ,
1232 3093 1300 3174 σοι]

104 3200 157 3245 τεις
175 3177 299 3251 σπονδαί,
322 3176 368 3237 καί
382 3176 571 3258 έφυλάχθησαν
586 3177 631 3250 ἔτη
650 3176 699 3250 ιδ’,
719 3179 755 3245 ὡς
771 3176 891 3255 γενέσθαι
1218 3248 1221 3252 Α

105 3263 151 3337 ἀτη
165 3265 188 3323 ν’
199 3264 251 3324 ἀπδ
271 3268 323 3324 τῶν
344 3266 471 3336 Μηδικῶν
490 3264 539 3332 ἕως
554 3268 606 3324 τῶν
623 3266 890 3336 Πελοποννησιακῶν.
993 3281 1083 3342 Καρπῷ
1095 3275 1225 3343 βριθομένη,

105 3372 127 3413 ε.
141 3351 316 3434 Πραέγραψα]
329 3353 387 3413 ἀντί
400 3359 461 3428 τοῦ,
476 3353 533 3431 μετ’
545 3352 632 3430 ὀλίγον
650 3352 762 3435 ίγραψα.
776 3388 817 3399 -
836 3356 891 3413 Τοῦ
1112 3431 1115 3435 ,

65 3470 94 3509 8⁶
107 3438 215 3520 μήτινα
228 3440 352 3520 ζητῆσαι]
364 3439 448 3500 λείπει
460 3440 491 3500 τδ
504 3441 600 3500 ἕνεκεν.
608 3475 650 3487 -
662 3460 684 3502 σ.
700 3440 891 3513 ’ἀληθεστάτην
932 3441 991 3501 ἀντί
1003 3445 1049 3500 τοῦ
1060 3439 1186 3522 βρίθεται.
1197 3478 1229 3492 -
1240 3439 1287 3500 Ἐν
1297 3435 1488 3519 πανηγύρεσιν]
1501 3439 1528 3496 έν
1543 3435 1715 3514 Ὀλυμπίοις,

105 3527 250 3610 πρόφασιν]
265 3527 361 3588 αἰτίαν.
374 3564 416 3575 --
429 3527 622 3606 Ἀφανιστάιην
638 3528 665 3587 δέ
679 3528 760 3610 λόγῳ]
775 3550 891 3609 κεκρυμ·
932 3527 1045 3608 Νεμέοις
1057 3527 1103 3587 καὶ
1116 3529 1169 3594 τοῖς
1181 3525 1305 3592 τοιούτοις
1320 3527 1426 3604 ἀγῶσιν.
1443 3523 1621 3600 θσημείωσαι
1632 3523 1660 3583 δί
1674 3523 1715 3584 ότι

107 3615 196 3693 μένην.
221 3649 263 3662 -
283 3613 442 3695 ’ἀναγκάσαι
463 3618 488 3682 ές
513 3615 544 3675 τδ
561 3612 699 3699 πολεμεῖν]
721 3613 755 3674 τά
776 3614 891 3695 όνόματα
933 3620 956 3676 οἰ
970 3616 1118 3693 πέμποντες
1136 3613 1269 3685 ἀποικίας,
1282 3603 1353 3672 ούτοι
1371 3612 1475 3672 ἀποίουν
1492 3610 1540 3679 τάς
1556 3612 1715 3693 πανηγύρεις
1728 3654 1755 3694 ³⁵

108 3702 215 3785 φύματα
227 3701 342 3775 ἐποίησε.
360 3701 481 3782 βούλεται
494 3700 545 3784 γάρ
558 3704 652 3774 δηλοῦν
665 3701 705 3761 δτι
724 3702 835 3781 μεγάλοι
850 3726 891 3782 γι·
933 3707 959 3764 έν
970 3703 1079 3771 έκείναις
1084 3705 1142 3770 ταῖς
1152 3701 1254 3775 πόλεσι,
1263 3700 1308 3759 καί
1319 3701 1351 3759 δι’
1356 3703 1488 3779 ὁμογενῶν
1498 3702 1618 3759 οἰκιστῶν
1628 3701 1716 3783 ἀπήρ-

107 3790 211 3869 νόμενοι
222 3793 246 3849 οἱ
256 3790 386 3863 Ἀθηναῖοι
394 3789 510 3867 ἀνάγκην
517 3790 650 3871 παρέσχον
663 3789 894 3868 τοῦπολέμου.--·
931 3814 1010 3873 χοντο
1027 3795 1079 3850 τῶν
1097 3793 1183 3870 ἰερῶν,
1204 3789 1322 3848 τουτέστι
1340 3792 1392 3847 τῶν
1412 3790 1515 3847 θυσιῶν.
1535 3822 1576 3833 -
1593 3786 1663 3868 Γέρα
1682 3787 1717 3849 τά

66 3904 94 3943 ιο
109 3877 168 3939 ΑίδΙ
182 3869 250 3950 ἦσαν
266 3877 408 3958 έκατέρων]
421 3881 449 3937 αἰ
464 3877 572 3950 καθεξῆς
587 3875 771 3958 ῥηθησόμενοι.
933 3878 1099 3958 νομιζόμενα]
1106 3874 1482 3956 τδςτιμάςκαίπροεδρίας.-
1491 3875 1716 3956 Προκαταρχόμε·

147 3968 250 4028 ΚΧΝ.
272 3964 434 4043 Ἐπίδαμνος
449 3965 497 4046 M
520 3970 566 4024 νῦν
589 3963 736 4047 Δυρράχιον
759 3965 892 4037 καλεῖται,
933 3967 1123 4047 νοιτῶνίερῶν]
1131 3964 1241 4031 διδόντες
1250 3961 1715 4045 τάςκαταρχάς.-Κυρινθίῳάνδρί

109 4055 201 4126 ἥντινα
217 4053 516 4135 παραγραμματίζοντες
533 4052 661 4134 Δοράκιον
677 4055 796 4114 καλοῦσι.
815 4087 855 4098 -
871 4075 892 4113 υ.
932 4052 1178 4135 προκαταρχόμενοι
1192 4055 1244 4111 τῶν
1253 4051 1344 4133 ἰερῶν]
1356 4049 1411 4117 έθος
1424 4047 1476 4130 γάρ
1487 4040 1522 4121 ἦν
1534 4048 1671 4130 ἀρχιερέας
1684 4054 1715 4110 έκ
1728 4085 1756 4124 ,η

112 4139 271 4224 Ἆπῴκισαν]
290 4140 350 4220 ούχί
365 4140 550 4213 ἀπανέστησαν
567 4145 615 4213 τῆς
628 4139 727 4212 οἰκίας,
743 4140 801 4197 ἀλλ’
816 4143 894 4200 ἀποι-
933 4144 980 4213 τῖης
998 4137 1185 4220 μητροπόλεως
1197 4136 1352 4214 λαμύάνειν.
1371 4170 1411 4181 -
1432 4139 1467 4196 Αἰ
1489 4135 1568 4195 ἀλλαι
1583 4135 1715 4216 ἀποικίαι]

108 4228 168 4288 κίαν
178 4227 328 4309 πέμψαντες
339 4226 448 4309 ᾤκισαν.
460 4227 505 4287 καί
514 4227 565 4310 γάρ
580 4229 636 4307 μετ’
648 4227 733 4305 ὀλίγον
744 4226 817 4302 φησί,
829 4229 895 4287 πέα·
934 4227 992 4286 ἀντί
1005 4232 1065 4300 τοῦ,
1080 4229 1108 4284 αἰ
1125 4229 1285 4306 πεμφθεῖσαι
1299 4221 1426 4282 ἀποικίαι.
1441 4257 1482 4268 -
1495 4225 1715 4305 Περιφρονοῦντες

68 4341 96 4379 ιο
109 4337 202 4375 πουσιν
225 4317 250 4382 ές
269 4312 317 4387 τὴν
342 4313 478 4397 Κέρκυραν
493 4319 528 4382 ὡς
548 4315 719 4397 μητρόπολιν.
738 4318 762 4373 οἰ
781 4311 830 4392 μέν
849 4307 893 4376 σύν
934 4313 962 4374 δέ
971 4313 1076 4394 αύτούς]
1088 4311 1217 4384 Ἀττικῆἡ
1231 4309 1362 4383 σύνταξις,
1375 4309 1432 4370 ἀντί
1445 4315 1491 4369 τοῦ
1504 4315 1715 4392 περιφρονοῦντες

111 4406 270 4484 Κερκυραῖοι
283 4401 417 4480 πέμπουσι
430 4401 479 4475 τὴν
494 4401 626 4461 ἀποικίαν·
641 4406 656 4461 ό
669 4403 697 4461 δὲ
710 4401 823 4477 Φάλιος,
837 4405 894 4462 Κο-
935 4406 1027 4461 αὐτῶν.
1044 4435 1085 4446 -
1103 4399 1198 4462 Ἔστιν
1214 4397 1257 4456 ὅτε
1276 4396 1455 4478 ἐπαιρόμενοι]
1469 4398 1497 4456 ού
1512 4396 1563 4479 γάρ
1581 4397 1623 4456 ἀεί
1636 4396 1716 4456 πλέον

111 4489 203 4570 ρίνθιος
217 4486 263 4561 ῶν,
281 4489 327 4548 καί
341 4494 367 4550 έν
380 4490 506 4572 Κερκύρᾳ
521 4488 568 4561 ῶν,
586 4488 790 4569 συνεκπεμφθεὶς
805 4488 893 4559 οἰκίζει
934 4482 1004 4570 εἶχον
1017 4485 1147 4547 ναυτικόν·
1162 4485 1206 4544 διά
1219 4484 1296 4545 τοῦτό
1314 4507 1402 4566 φησιν,
1422 4483 1491 4543 ἔστιν
1506 4483 1557 4544 ότι.
1576 4520 1617 4531 -
1637 4483 1716 4544 Κατά
1728 4515 1756 4554 ης

110 4575 159 4647 τὴν
183 4576 356 4651 Ἐπίδαμνον.
376 4614 412 4624 -
430 4575 509 4637 Κατά
529 4575 561 4648 δὴ
580 4576 624 4635 τὸν
642 4574 756 4636 παλαιόν
769 4574 861 4655 νόμον]
880 4579 894 4635 δ
933 4576 981 4649 τὴν
995 4580 1046 4636 τῶν
1067 4575 1197 4637 Φαιάκων
1216 4572 1409 4655 προενοίκησιν]
1427 4573 1486 4631 ἀντὶ
1502 4578 1548 4632 τοῦ
1568 4571 1715 4652 θμοίωςτῇ

111 4663 223 4730 παλαιός
233 4663 312 4739 νόμος
324 4665 370 4723 οθκ
383 4663 437 4722 ἀπδ
446 4668 491 4722 τοῦ
501 4661 590 4742 γένους
600 4663 702 4735 ἐκάλει,
714 4663 772 4722 ἀλλ’
785 4663 838 4722 ἀπδ
848 4668 894 4735 τῆς
934 4663 1118 4746 προενοικησει
1137 4665 1189 4722 τῶν
1213 4660 1355 4723 Φαιάκων.
1379 4657 1559 4740 προενοικήσει
1577 4658 1648 4736 λέγει
1668 4663 1715 4732 τῆς

71 4774 99 4814 ιο
113 4749 307 4830 μητροπόλεως,
314 4751 432 4810 τουτέστι
440 4754 487 4823 τῆς
496 4750 628 4832 πατρίδος.
639 4786 679 4797 -
688 4751 739 4811 Ἐκ
745 4755 791 4822 τῆς
801 4774 896 4832 μητρο·
935 4752 1081 4834 Κερκύρας·
1095 4751 1141 4810 καί
1157 4749 1208 4831 γδρ
1222 4752 1247 4810 οἰ
1261 4748 1382 4815 Φαίακες
1399 4746 1567 4825 παλαιότεροι
1581 4738 1648 4819 ἦσαν
1662 4751 1714 4806 τῶν

111 4837 223 4916 πόλεως]
238 4840 267 4897 lx
280 4842 326 4910 τῆς
341 4838 477 4918 Κορίύίου·
492 4838 625 4919 Κορίνθιος
634 4838 696 4919 γάρ.
706 4870 741 4880 -
754 4839 895 4909 Κατακλη·
936 4838 1117 4923 Κερκυραίων,
1130 4837 1175 4897 καί
1191 4837 1292 4918 άριστοι
1304 4833 1338 4894 τδι
1350 4832 1471 4894 ναυτικά.
1486 4836 1503 4910 §
1518 4832 1567 4900 Ὦς
1581 4835 1633 4891 τῶν
1646 4835 1716 4915 Κερ-

113 4925 176 5004 θεές]
189 4925 219 4984 a
232 4927 406 4999 κατακληθείς
425 4926 520 5007 κυρίως
534 4917 615 4985 εἶπεν·
634 4926 686 4985 ἀπὸ
704 4925 756 5007 γάρ
770 4925 894 5005 μειζόνων
934 4927 1049 5010 κυραίων
1064 4925 1132 4985 ούτω
1145 4923 1303 4994 δοξαζόντων
1316 4922 1404 5002 λέγει,
1419 4921 1465 4981 καί
1480 4920 1540 5001 οθχί
1554 4921 1599 5001 ἀφ’
1612 4924 1714 4980 ἑαυτοῦ·
1728 4952 1755 4992 ω

113 5017 166 5072 τῶν
185 5001 374 5095 Ἡρακλειδῶν·
394 5013 480 5096 ώςπερ
498 5013 654 5085 ἀνακληθείς
672 5012 724 5072 ἀπδ
747 5011 894 5072 ἐλασσόνων
936 5012 1037 5095 ἀείγδιρ
1060 5013 1091 5072 τὸ
1111 5012 1227 5091 μυθῶδες
1246 5009 1343 5092 φεύγει.
1361 5042 1403 5055 -·
1421 5008 1505 5075 Κλέος
1525 5006 1650 5087 έχόντων]
1662 5012 1715 5068 τῶν

115 5099 228 5182 λέγεται.
244 5135 283 5148 -
297 5120 320 5164 ε.
336 5101 544 5180 Στασιάσαντες]
558 5104 582 5162 οἰ
597 5100 773 5178 Ἐπιδάμνιοι.
787 5137 819 5152 -
832 5104 894 5163 Τῶν
936 5103 1066 5165 Φαιάκων
1087 5101 1113 5168 ές
1125 5097 1162 5158 τά
1175 5122 1180 5138 ·
1336 5103 1380 5152 ῦς.
1394 5086 1485 5182 -ᾝ
1500 5094 1544 5155 καί
1559 5096 1672 5175 μᾶλλον]
1685 5096 1715 5155 τδ
