3676 5828
167 363 195 435 u
753 352 971 414 rumano.

166 489 284 585 qualia
303 489 391 576 sint,
406 489 500 559 inter
519 511 557 558 se
574 485 858 581 conjunguntur,
874 483 912 553 in
931 480 1140 576 Thucydide
1154 480 1304 577 quidem
1324 507 1432 553 nemo
1448 485 1570 555 mirari

152 608 286 684 dehet.

215 734 371 804 Breviter
384 732 601 829 significasse
615 730 765 817 sufficit,
781 730 843 801 lib.
856 734 923 818 111,
937 754 1013 826 cap.
1028 729 1088 827 98,
1102 728 1327 825 probabilius
1337 730 1428 800 milri
1438 730 1570 821 videri,

167 856 439 928 distinctionem
455 880 551 943 eam,
565 879 645 951 quae
658 869 712 924 est
727 869 810 924 ante
824 854 915 939 οὗτοι,
933 877 1069 948 ponere
1084 868 1168 923 ante
1184 853 1296 924 verba
1309 867 1444 923 τοσοῦτοι
1465 860 1518 948 μὲν
1536 863 1571 925 τὸ

167 983 289 1068 πλῆθος,
308 993 343 1050 et
364 979 438 1049 illie
458 977 598 1048 nullam
623 977 752 1064 lacere,
773 974 873 1072 quod
893 975 1081 1072 quomodo
1101 975 1253 1071 intelligi
1274 976 1400 1066 velim,
1420 979 1504 1048 satis
1530 1005 1571 1049 ex

169 1103 463 1200 interpretatione
476 1117 633 1199 apparet.
647 1102 811 1196 Denique
826 1099 888 1170 lib.
901 1102 950 1186 V,
966 1122 1043 1194 cap.
1056 1124 1099 1196 9¹
1115 1151 1125 1187 ‚
1141 1101 1248 1169 statui
1268 1124 1382 1198 graeca
1394 1101 1445 1171 sic
1466 1103 1573 1173 inter-

168 1227 281 1321 pungi
300 1224 432 1296 debere
450 1251 458 1293 z
475 1233 507 1295 οῦ
525 1226 583 1320 γὰρ
603 1228 630 1293 οἱ
649 1224 792 1318 ἄρχοντες
807 1224 921 1310 ἄλλων,
939 1229 1038 1318 ὥσπερ
1059 1226 1110 1293 καὶ
1127 1219 1368 1317 Λακεδαιμόνιοι,
1386 1227 1466 1295 οὗτοι
1483 1224 1572 1296 δεινοὶ

168 1364 230 1435 τοῖς
246 1356 402 1430 νικηθεῖσιν
419 1353 498 1447 (ἔστι
520 1349 554 1422 δὲ
572 1359 604 1421 οὗ
624 1354 696 1446 πρὸς
715 1345 965 1444 Λακεδαιμονίους
984 1356 1056 1442 ἡμῖν
1077 1333 1093 1415 d
1114 1349 1221 1442 ἀγών),
1249 1347 1317 1416 ἀλλ’
1340 1349 1375 1423 ἢν
1400 1353 1427 1418 οἱ
1448 1354 1574 1426 ὑπήκοοί

169 1507 225 1548 που
240 1490 300 1546 τῶν
322 1474 474 1570 ἀρξάντων
492 1477 576 1545 αὐτοὶ
595 1478 759 1568 ἐπιθέμενοι
779 1478 980 1567 κρατήσωσιν.

218 1597 288 1669 Sed
302 1596 365 1667 lib.
382 1600 444 1683 ΙΙΙ,
460 1619 537 1692 cap.
559 1593 618 1681 43,
635 1595 786 1664 miratus
803 1617 884 1663 snm
906 1589 1073 1663 nondum
1088 1590 1337 1686 gravissimum
1353 1589 1501 1686 aliquod
1520 1593 1572 1662 vi-

171 1721 262 1792 tium
274 1719 320 1789 al)
333 1718 411 1788 aliis
430 1717 613 1788 sublatum
635 1741 730 1806 esse,
748 1713 849 1812 quod
868 1729 921 1784 est
940 1715 979 1784 in
997 1712 1118 1783 verbis
1138 1740 1145 1783 :
1164 1719 1222 1806 χρὴ
1240 1709 1274 1782 δὲ
1292 1720 1365 1808 πρὸς
1383 1714 1424 1782 τὰ
1443 1719 1574 1809 μέγιστα

169 1845 221 1912 καὶ
241 1849 275 1913 ἐν·
289 1856 333 1928 τῷ
350 1839 459 1932 τοιῷδε
475 1839 604 1922 ἀξιοῦντι
624 1849 705 1936 ἡμεῖς
722 1842 887 1934 περαιτέρω
909 1848 1102 1931 προνοοῦντας
1123 1840 1221 1931 λέγειν
1238 1843 1321 1929 ὑμῶν
1338 1849 1398 1904 τῶν
1414 1833 1453 1906 δι’
1473 1840 1574 1933 ὀλίγον

170 1974 369 2039 σκοπούντων.
384 1971 473 2038 Nam
492 1992 578 2038 usus
601 1966 751 2063 quidem
770 1961 830 2033 ille
849 1959 1027 2057 participii
1046 1955 1144 2037 ἀξιοῦν
1164 1983 1295 2053 genere
1319 1974 1447 2030 neutro
1465 1962 1574 2056 positi

170 2090 355 2162 offendere
375 2091 558 2161 neminem
577 2103 714 2187 potest,
730 2109 843 2181 quum
857 2097 893 2154 et
912 2081 974 2152 lib.
988 2085 1021 2168 Ι,
1037 2104 1114 2176 cap.
1141 2083 1224 2168 ιίιο,
1240 2079 1398 2175 legamus
1417 2089 1508 2171 ἐντῷ
1529 2092 1570 2177 μὴ

172 2221 347 2307 μελετῶντι,
370 2226 405 2282 el
425 2210 487 2281 lib.
501 2213 567 2297 ΙΙΙ,
580 2233 657 2306 cap.
675 2231 730 2295 ιο,
744 2214 773 2277 ἐν
792 2218 836 2294 τῷ
852 2200 1069 2273 διαλλάσσοντι
1088 2215 1141 2284 τῆς
1160 2206 1297 2298 γνώμης,
1313 2217 1347 2271 et
1360 2203 1428 2274 alia
1447 2205 1577 2274 similia

172 2334 283 2404 multa
305 2334 452 2431 ubique.
473 2331 544 2403 Sed
563 2333 645 2429 quis
665 2354 827 2426 uuquam
848 2329 957 2417 vidit,
979 2327 1159 2423 ejusmodi
1185 2328 1376 2424 participio
1395 2329 1493 2401 aliud
1520 2331 1575 2401 vel

171 2453 386 2549 adjectivum
403 2454 457 2524 rel
476 2477 679 2549 pronomen
695 2451 846 2549 apponi,
867 2467 907 2522 ut
926 2450 986 2522 hic
1002 2456 1037 2520 τὸ
1056 2448 1171 2521 τοιόνδε
1188 2449 1286 2531 ἀξιοῦν
1306 2450 1577 2524 dici'creditur?

172 2575 272 2674 quod
285 2577 439 2647 aceteris
452 2575 595 2646 silentio
605 2575 855 2646 transmissum
863 2578 965 2674 quasi
978 2578 1121 2674 vulgare
1135 2591 1170 2649 et
1180 2577 1282 2648 nullo
1296 2578 1408 2649 modo
1421 2578 1577 2649 dubium

172 2715 283 2787 esset,
305 2699 393 2768 mihi
411 2723 486 2768 non
508 2696 620 2768 modo
640 2721 840 2794 numquam
853 2698 943 2789 dici,
962 2699 1026 2771 sed
1042 2726 1088 2771 na
1104 2724 1210 2797 posse
1227 2699 1379 2796 quidem
1393 2701 1464 2772 dici
1478 2701 1577 2772 vide·

173 2838 245 2910 tur;
266 2845 385 2917 neque
404 2819 441 2891 id
463 2819 617 2890 arbitror
635 2818 886 2916 grammaticos
898 2847 960 2893 eos
974 2840 1183 2918 negaturos,
1205 2826 1268 2920 qui
1289 2825 1383 2921 ipsas
1402 2825 1578 2920 cujusque

174 2969 259 3014 usus
275 2945 431 3015 rationes
446 2967 643 3039 causasque
659 2940 843 3039 explorare
856 2942 978 3014 velint.
995 2944 1152 3016 Proinde
1168 2946 1403 3016 scribendum
1413 2962 1467 3017 est
1478 2945 1578 3027 ἀξιοῦν

171 3095 202 3136 τι
216 3066 339 3138 divisis
354 3065 522 3154 vocibus,
539 3080 579 3137 ut
600 3063 700 3146 ἀξιοῦν
720 3067 766 3137 sit
784 3063 1003 3155 infinitivus,
1017 3075 1046 3137 Ιν
1062 3082 1107 3158 τῷ
1122 3067 1230 3157 τοιῷδε
1249 3083 1369 3140 autem
1387 3071 1578 3166 separatim

172 3189 328 3278 dicatur,
346 3187 446 3287 quod
466 3203 521 3260 est
538 3187 889 3286 frequentissimum
907 3187 978 3259 vid.
997 3194 1036 3278 V,
1050 3215 1127 3287 cap.
1142 3191 1206 3277 883
1227 3192 1313 3261 item
1333 3194 1399 3279 Ill,
1416 3216 1493 3287 cap.
1513 3191 1578 3278 81,

173 3313 193 3404 S
208 3309 249 3400 5,
264 3312 329 3383 ubi
344 3327 398 3384 est
410 3319 439 3381 ἐν
458 3325 502 3402 τῷ
515 3317 657 3401 τοιούτῳ,
670 3311 739 3382 alia
754 3309 917 3408 exempla
931 3313 1075 3409 collegit
1087 3318 1141 3383 Fr.
1162 3319 1275 3384 Haase
1290 3311 1336 3383 ad
1351 3312 1517 3411 Xenoplr.
1534 3313 1579 3384 de

56 3458 58 3462 ·
174 3437 263 3529 Rep.
284 3433 437 3504 Lacedd.
454 3436 490 3503 in
511 3432 587 3503 ind.
602 3461 630 3502 ν.
645 3440 675 3502 ἐν
687 3457 766 3530 pag.
781 3431 850 3504 305
865 3459 917 3530 sq.
1020 3490 1028 3504 .

195 3591 201 3600 ·
223 3558 396 3636 Praeterea
414 3554 477 3625 lib.
495 3559 558 3643 ΙΙΙ,
578 3579 655 3651 cap.
680 3554 738 3642 33,
761 3554 943 3625 Bekkerus
961 3580 1045 3625 cum
1063 3557 1141 3626 aliis
1157 3557 1345 3653 ‘Popponis
1365 3557 1581 3649 conjecturae

173 3678 368 3750 obsecutus
389 3675 550 3773 neglecto
564 3677 732 3748 codicum
752 3678 850 3748 MSS.
872 3701 1054 3748 consensu
1072 3678 1128 3748 bis
1151 3681 1238 3749 Icari
1259 3703 1393 3748 nomen
1408 3704 1474 3775 pro
1488 3680 1580 3751 Clari

174 3800 326 3897 recepit,
337 3801 375 3869 in
391 3824 465 3897 quo
480 3801 514 3870 ei
530 3797 763 3870 nonobedivi
778 3816 998 3897 propterea,
1016 3827 1096 3898 quae
1107 3800 1152 3873 de
1168 3801 1236 3873 lrac
1248 3826 1285 3873 re
1303 3803 1469 3899 exposuit
1484 3803 1580 3872 idem

174 3927 286 3993 Haase
300 3922 337 3992 in
353 3922 452 3993 Actis
463 3920 650 4019 littantiq.
664 3921 905 3993 llarmstada.
923 3923 1024 3996 1836.
1039 3931 1095 3996 Νι.
1113 3926 1170 4013 84.
1187 3930 1319 3997 Contra
1331 3926 1393 3997 lib.
1412 3930 1489 4013 Vll,
1501 3921 1579 4022 cap.

176 4071 235 4142 71,
253 4044 318 4115 ubi
334 4030 463 4140 legitur
475 4041 527 4113 διὰ
545 4049 580 4114 τὸ
600 4048 770 4139 ἀνώμαλον,
793 4045 1064 4142 interpretando
1079 4051 1234 4146 expressi
1255 4048 1309 4138 id,
1327 4049 1428 4145 quod
1447 4049 1582 4119 Belrlre·

174 4193 236 4239 rus
253 4183 411 4238 suaserat
433 4163 473 4237 δι’
491 4171 574 4237 αὐτό.
596 4172 711 4263 Atque
727 4183 812 4238 sunt
828 4167 887 4238 alii
906 4170 1013 4240 etiam
1034 4172 1103 4244 loci
1121 4173 1288 4270 quidam,
1309 4175 1346 4243 in
1366 4172 1500 4270 quibus
1521 4186 1582 4242 aut

175 4289 322 4361 Bekkeri
338 4305 399 4363 aut
416 4289 571 4361 aliorum
586 4289 906 4362 emendationibus
920 4318 1008 4366 usus
1028 4321 1126 4385 snm,
1142 4321 1235 4394 quos
1249 4321 1348 4367 nunc
1362 4320 1489 4367 omnes
1502 4319 1581 4365 exa-

176 4418 314 4488 minare
337 4441 413 4487 non
432 4417 572 4486 attinet.

224 4540 327 4609 Plura
346 4554 450 4627 sunt,
471 4563 550 4636 quae
566 4564 651 4635 ego,
667 4540 788 4636 priore
801 4540 978 4636 scriptura
991 4555 1145 4630 servata,
1160 4565 1252 4611 nova
1267 4539 1424 4637 quadam
1445 4539 1583 4608 ratione

177 4663 430 4759 interpretatus
444 4685 542 4751 sum,
556 4661 666 4733 veluli
682 4662 773 4733 illud
787 4671 819 4732 οὐ
836 4664 901 4732 καθ’
919 4665 948 4732 ἓν
965 4668 1052 4758 μόνον
1063 4678 1124 4733 τῶν
1139 4667 1327 4760 πραγμάτων
1341 4662 1403 4732 lib.
1417 4665 1491 4749 Vll,
1505 4686 1582 4758 cap.

180 4783 245 4883 75,
267 4786 331 4856 ubi
347 4786 412 4854 καθ’
431 4788 460 4855 ἓν
489 4786 538 4855 ita
560 4810 687 4856 omnes
705 4784 843 4856 dictum
862 4803 1095 4881 acceperunt,
1117 4802 1157 4856 ut
1176 4801 1230 4856 est
1247 4784 1312 4854 καθ’
1333 4787 1491 4869 ἑκάστους,
1518 4787 1583 4853 καθ’

180 4915 305 4997 ἕκαστα,
318 4908 383 4978 καθ’
396 4915 520 4978 ἕκαστον
533 4913 565 4996 Ι,
580 4933 657 5005 cap.
673 4907 730 4995 36,
744 4933 822 5005 cap.
843 4907 920 4997 1453
930 4913 992 4979 VII
1001 4962 1010 4997 ,
1020 4934 1097 5006 cap.
1110 4909 1144 4996 8,
1158 4933 1235 5005 cap.
1252 4908 1311 4996 64,
1327 4922 1362 4978 et
1374 4907 1460 4978 alibi
1473 4930 1583 5002 saepe3

180 5028 291 5101 lrabet
303 5031 400 5101 enim
416 5030 481 5100 καθ’
494 5037 523 5100 ἔν
543 5032 648 5101 etiam
663 5030 770 5128 plane
789 5031 1004 5101 contrariam
1023 5030 1337 5127 significationem,
1356 5030 1402 5101 de
1423 5054 1493 5125 qua
1512 5027 1583 5098 alio
