3676 5828
182 359 218 408 tu
867 346 1106 410 THUCYDIDIS

220 482 307 542 CVII.
330 475 461 560 Ἤρξαντο
475 475 502 536 δὲ
516 474 585 536 κατὰ
598 473 656 543 τοῖς
674 473 782 556 χρόνους
799 475 904 543 τούτους
918 475 964 535 καί
1040 484 1114 534 svn.
1133 481 1278 532 Suheadem
1287 485 1394 547 tempora
1404 484 1800 550 Athenienseslongosetiammn·

180 567 213 627 τδι
229 567 319 650 μακρδι
334 567 410 646 τείχη
426 564 601 633 dehuliesmons
616 563 747 637 Ἀθηναῖοι
760 566 917 644 οἰκοδομεῖν,
935 561 966 622 τό
1008 584 1050 621 ros
1065 570 1096 620 ad
1113 583 1178 620 mare
1195 583 1273 633 usque
1290 576 1415 636 ooeperunt
1426 573 1556 636 reditieare,
1570 575 1679 627 alterum
1694 576 1727 627 ad
1739 578 1801 629 Pht·

179 681 209 716 τε
226 654 384 736 (θαληρόνδε
403 654 448 712 καί
464 652 494 712 τδ
510 655 536 720 ἐς
552 655 677 734 Πειραιᾶ.
721 655 751 730 (ι)
771 651 826 711 Καί
845 650 965 712 Φωκέων
1009 659 1474 722 lemmusque‚alterumadPiraeeum.
1507 663 1541 726 (2)
1554 667 1732 722 Qunmautem
1741 666 1800 717 Pho·

179 743 395 826 στρατευσάντων
410 744 435 809 ἐς
453 745 557 822 Δωριδίς
569 739 618 813 τλν
637 739 852 817 Λακεδαιμονίων
868 738 967 821 μητρό-
1009 759 1094 797 censes
1105 746 1280 810 expeditionem
1294 747 1457 810 suscepissent
1471 754 1553 799 eontra
1567 750 1716 812 Dorienses,
1727 753 1801 802 Laee-

179 835 266 905 πολιν,
285 832 360 892 Βοιδν
375 829 420 889 καί
443 828 565 890 Κυτίνιον
585 830 630 888 καί
645 827 771 911 Ἐρινεδν,
790 827 836 886 καί
855 827 965 887 ἑλόντων
1009 833 1181 884 ἀαωοιιίοιυιιι
1192 835 1349 898 metropolin,
1360 838 1445 885 Boeum
1459 841 1483 886 et
1492 837 1616 899 cytinium
1629 843 1656 888 et
1668 839 1798 901 Erirrenm,

180 919 207 979 ἓν
221 925 273 980 τῶν
286 919 458 996 πολισμάτων
470 916 577 990 τούτων,
593 920 616 977 ol
631 916 835 995 Λακεδαιμόνιοι
849 916 967 994 Νικομή-
1009 935 1132 985 quumque
1140 936 1216 971 unum
1223 936 1251 972 ex
1260 922 1397 986 hisoppidia
1404 925 1533 986 cepissent,
1544 925 1800 990 Laeedzemonihduee

181 1012 239 1077 δυυς
254 1014 298 1068 τοῦ
315 1006 502 1088 Κλεομόρότου
522 1005 588 1088 ὑπὲρ
602 1005 813 1072 Πειστοάνακτος
826 1010 870 1064 τοῦ
887 1007 965 1065 Παυ-
1010 1009 1139 1060 Nicomede
1150 1011 1297 1061 cleombroti
1309 1012 1373 1073 tilio,
1386 1025 1429 1074 pro
1443 1013 1606 1064 Plistoannete
1620 1016 1751 1066 Pausaniae
1764 1030 1800 1067 re·

180 1095 271 1155 σανίου
289 1094 416 1175 βασιλέως
434 1093 492 1153 νέου
512 1094 584 1161 όντος
602 1093 640 1152 ἔτι
659 1092 804 1171 ἡγουμένου
818 1091 965 1164 ἐόοήθησαν
1009 1096 1046 1158 gis
1055 1097 1117 1157 itio,
1128 1097 1170 1160 qui
1182 1097 1261 1147 adhoc
1275 1102 1326 1147 erat
1334 1097 1422 1161 junior,
1434 1100 1592 1150 Doriensibus
1606 1114 1680 1165 opem
1694 1102 1800 1153 tulerunt

179 1190 233 1251 τοῖς
258 1189 401 1265 Δωριεῦσιν
427 1186 525 1241 ἑαυτιῦν
548 1205 578 1240 τε
600 1182 780 1248 πεντακοσίοις
803 1181 848 1239 καί
873 1180 966 1259 χιλίοις
1009 1197 1066 1234 oum
1078 1184 1144 1234 mille
1152 1189 1177 1235 et
1185 1186 1321 1248 quingentis
1331 1186 1449 1236 militibus
1459 1186 1490 1237 de
1500 1188 1584 1237 suiset
1595 1188 1682 1239 decem
1691 1189 1799 1241 millibus

180 1274 298 1337 ὁπλίταις
312 1271 420 1329 καὶτῶν
436 1268 582 1350 ξυμμάχων
597 1267 711 1350 μυρίοις,
723 1267 838 1335 καὶτοὺς
852 1266 966 1334 Φωκέας
1010 1272 1143 1333 sociorom;
1164 1286 1268 1337 eumque
1281 1274 1430 1337 Phocenses,
1441 1275 1562 1326 deditione
1571 1276 1644 1326 certis
1657 1277 1798 1329 conditioni·

180 1358 307 1438 ὁμολογίᾳ
322 1350 517 1437 ἀναγκάσαντες
532 1358 675 1416 ἀποδοῦναι
693 1356 741 1429 τὴν
760 1357 836 1415 πολιν
856 1354 965 1436 άπεχόι-
1009 1361 1057 1410 bus
1074 1361 1149 1421 iacta,
1170 1362 1256 1411 urbem
1276 1362 1375 1412 reddere
1390 1364 1540 1427 coegissent,
1561 1364 1662 1416 domum
1680 1366 1796 1417 redibam

181 1473 240 1532 ρουν
254 1448 342 1507 πάλιν.
388 1449 420 1523 (a)
436 1447 488 1506 Καὶ
502 1444 571 1507 κατδι
586 1445 723 1504 θάλασσαν
739 1443 786 1522 μὲν
801 1442 908 1515 αὐτούς,
923 1443 966 1503 hl
1010 1449 1044 1512 (3)
1056 1452 1103 1499 BOS
1112 1451 1519 1514 flulem‚slper⁸l¹l¹1m0si⁸⁵ae¹¹ffl
1529 1453 1589 1503 miri
1600 1455 1796 1507 willelmi*

180 1542 226 1596 τοῦ
241 1535 370 1617 Κρισαίου
385 1534 485 1593 κολπου
499 1536 521 1592 εί
538 1531 671 1613 βούλοιντο
684 1538 872 1613 περαιοῦσθαι,
887 1533 964 1603 Ἀθη·
1010 1542 1080 1599 sent,
1098 1539 1256 1588 Athenienses
1272 1539 1374 1589 naribus
1390 1540 1543 1590 circumvecti
1556 1541 1699 1605 impedituri
1717 1548 1796 1604 «ταῖς

180 1627 248 1684 ναῖοι
266 1624 342 1684 ναυσί
358 1621 579 1703 περιπλεύσαντες
600 1621 708 1699 ἔμελλον
724 1621 861 1681 κωλύσειν·
876 1619 919 1680 διδ
939 1619 966 1681 δὲ
1010 1639 1052 1689 per
1064 1630 1194 1677 Geraneam
1206 1642 1263 1676 vero
1273 1629 1372 1677 transire
1382 1633 1519 1678 nontotum
1531 1630 1590 1692 ipsis
1600 1630 1795 1695 essevidehatur,

179 1717 226 1784 τῆς
240 1709 366 1794 Γερανίας
383 1713 430 1770 οὐκ
449 1708 563 1791 άσραλὲς
582 1709 701 1792 ἐφαίνετο
720 1711 807 1776 αὐτοῖς
821 1708 965 1781 Ἀθηναίων
1010 1714 1074 1776 qnod
1086 1715 1243 1765 Athenienses
1258 1719 1353 1778 Megara
1364 1719 1389 1765 et
1400 1720 1476 1778 Pegas
1486 1722 1608 1779 tenerent;
1620 1732 1680 1768 nam
1692 1722 1797 1771 Geram

180 1801 294 1880 ἐχόντων
309 1798 422 1880 Μέγαρα
436 1799 481 1858 καί
495 1796 588 1876 [Ιηγδις
602 1797 768 1880 πορεύεσθαι.
810 1795 924 1864 Δύσοδύς
938 1819 966 1855 τε
1010 1806 1035 1852 et
1044 1804 1145 1852 transitu
1155 1803 1260 1853 difficilis
1271 1809 1335 1865 erat,
1345 1809 1370 1854 et
1384 1805 1567 1855 Atheniensium
1579 1807 1696 1870 praesidio
1705 1822 1797 1873 semper

180 1870 230 1971 γάρ
244 1894 262 1961 ἡ
278 1887 391 1970 Γερανία
406 1886 451 1945 καί
465 1889 615 1969 ἐφρουρεῖτο
630 1887 672 1946 άεί
687 1887 737 1946 ὑπὸ
750 1879 901 1959 Ἀθηναίων·
921 1885 966 1944 καί
1010 1891 1204 1952 custodiebatur;
1219 1896 1276 1941 tone
1294 1897 1375 1942 autem
1390 1898 1585 1956 prmsenserunt,
1600 1894 1652 1945 lore
1665 1896 1797 1947 utillime

179 1976 239 2037 τότε
253 1975 396 2056 ᾐσθάνοντο
408 1973 501 2042 αὐτούς
513 1974 656 2052 μέλλοντας
670 1975 716 2034 καί
729 1973 812 2051 ταύτῃ
828 1972 964 2033 κωλύσειν.
1009 1984 1182 2042 quoqueperte
1197 1992 1223 2029 se
1237 1980 1402 2043 pmhiherent.
1437 1981 1471 2043 (t)
1483 1983 1648 2040 Quamobrem
1665 1984 1747 2034 visunt
1761 1989 1797 2035 est

181 2067 214 2144 (ι)
227 2063 322 2133 Ἔδοξε
334 2063 356 2121 δ’
369 2062 456 2130 αὐτοῖς
467 2065 493 2121 ἐν
506 2066 629 2129 Βοιωτοῖς
640 2063 807 2145 περιμείνασι
819 2061 966 2143 σκέψασθαι
1010 2068 1076 2132 ipsis,
1086 2068 1149 2131 apud
1161 2071 1258 2118 Bmotos
1265 2069 1406 2131 subsistere,
1414 2074 1438 2119 et
1446 2071 1574 2135 dispioere',
1586 2085 1694 2133 quanam
1708 2073 1798 2125 ntionn

179 2151 232 2235 ότῳ
250 2152 341 2234 τρόπῳ
360 2149 548 2231 ἀσφαλέστατα
568 2151 793 2233 διαπορεύσονται.
833 2151 874 2210 Τδ
894 2150 921 2207 δέ
941 2173 967 2207 τι
1009 2169 1083 2219 quam
1092 2157 1318 2208 tutissimetransire
1328 2161 1434 2220 possent.
1467 2159 1605 2217 Quinetiam
1616 2160 1799 2213 Athmienunn

179 2241 225 2301 καί
237 2241 327 2323 ἄνδρες
339 2244 391 2299 τῶν
405 2240 548 2312 Ἀθηναίων
560 2242 658 2318 ἐπῆγον
673 2239 766 2307 αὐτοὺς
780 2236 880 2321 κρύρα,
892 2236 967 2296 ἐλπί-
1010 2243 1116 2294 nonnulli
1126 2245 1186 2294 elam
1194 2245 1260 2308 ipsos
1269 2245 1508 2321 sollicitabant,quia
1515 2247 1706 2309 democratiam,
1718 2248 1800 2301 eton-

180 2353 272 2396 σαντες
287 2328 369 2406 δῆμόν
383 2353 412 2386 τε
427 2327 608 2387 καταπαύσειν
622 2328 667 2386 καί
681 2327 715 2386 τδι
730 2325 820 2409 μακρδι
834 2327 910 2406 τείχη
925 2329 966 2385 οί-
1010 2346 1053 2396 gos
1063 2345 1158 2394 muros,
1168 2335 1209 2397 qui
1216 2331 1403 2398 edificabantur,
1412 2335 1463 2384 tolli
1471 2335 1608 2398 sperabant.
1625 2336 1661 2399 (5)
1674 2338 1800 2389 ethnan

179 2415 370 2494 κοδομούμενα.
415 2418 445 2494 (s)
465 2415 634 2488 Ἐύοιίθησαν
649 2417 672 2474 δ’
688 2415 728 2473 ἐπ’
744 2414 836 2481 αὐτοὺς
850 2418 874 2473 οί
889 2415 966 2484 Ἀθη-
1011 2421 1445 2485 sesreroprodieruntadversuseos
1460 2425 1554 2488 publice
1567 2439 1653 2477 omues
1665 2431 1691 2478 et
1700 2428 1798 2492 Argive-

179 2509 248 2565 ναῖοι
269 2505 401 2581 πανδημεί
423 2504 469 2563 καί
490 2503 611 2585 Ἀργείων
631 2503 711 2582 χίλιοι
737 2502 782 2562 καί
805 2506 855 2561 τῶν
879 2502 965 2560 ἄλλων
1010 2524 1063 2558 rum
1080 2510 1158 2571 mille,
1175 2514 1200 2560 et
1209 2512 1282 2561 ceteri
1294 2511 1352 2560 socii
1369 2513 1799 2576 prosequique3nnirersorumu·

181 2591 326 2672 ξυμμάχων
337 2597 372 2659 ὡς
382 2590 496 2650 ἕκαστοι·
510 2590 656 2669 ξύμπαντες
669 2592 696 2649 δὲ
708 2589 824 2670 ἐγένοντο
832 2612 967 2670 τετρακεσ·
1011 2599 1492 2661 temlueruntquatuordccimhominum
1502 2601 1584 2650 mihia.
1619 2602 1799 2664 (utcreeientn

179 2678 262 2760 χίλιοι
283 2678 329 2737 καί
347 2678 443 2759 μύριοι.
488 2681 519 2756 (o)
550 2678 713 2756 Κομίσαντες
737 2676 764 2735 δὲ
786 2679 892 2756 ἀπορεῖν
912 2676 965 2757 ὅπη
1010 2689 1091 2733 autem
1100 2698 1141 2733 eos
1155 2685 1318 2749 nescire‚qna
1333 2686 1433 2736 transire
1447 2692 1562 2750 possent,
1578 2688 1799 2757 ohriamilliepro·

180 2766 314 2826 διέλθωσιν
329 2765 539 2845 ἐπεστράτευσαν
554 2767 654 2837 αὐτοῖς,
669 2763 715 2823 καί
726 2787 752 2823 τι
764 2764 809 2822 καί
823 2769 868 2822 τοῦ
881 2763 966 2842 δήμου
1010 2775 1146 2832 cesserunt,
1163 2776 1187 2820 et
1206 2776 1256 2822 erat
1270 2772 1343 2821 etiarn
1359 2773 1481 2835 suspicio,
1499 2788 1529 2823 ne
1547 2774 1689 2838 popularem
1707 2782 1798 2829 statu!

179 2853 348 2920 καταλύσεως
368 2852 476 2934 herodio.
528 2854 559 2930 (7)
581 2843 682 2912 Ἦλθον
705 2850 733 2911 δὲ
753 2851 799 2911 καί
819 2853 965 2912 Θεσσαλῶν
1010 2862 1154 2909 everterent.
1200 2862 1369 2922 (7li'enemnt
1384 2861 1456 2911 etiam
1471 2862 1641 2913 Thessalorum
1658 2864 1799 2929 equitant

179 2947 263 3015 ἱππῆς
280 2946 333 3008 τοῖς
348 2941 490 3013 Ἀθηναίοις
508 2940 576 3000 κατδι
595 2940 625 2999 τὸ
644 2939 822 3020 ξυμμαχικόν,
842 2939 867 2998 ol
885 2939 965 3018 μετέ·
1010 2947 1167 2997 Athenienses
1176 2961 1206 2997 ex
1218 2947 1401 3010 societatisjure
1407 2985 1415 3010 ,
1428 2951 1470 3012 qui
1480 2951 1504 2999 in
1521 2951 1573 3015 ipso
1583 2952 1670 3014 prmlio
1681 2953 1713 3004 ad
1728 2956 1799 3007 Laeti·

180 3055 280 3104 στηοαν
295 3033 321 3088 ἐν
334 3034 372 3111 τῷ
386 3028 453 3111 ἔργῳ
466 3026 538 3110 παρδι
553 3027 611 3096 τοὺς
626 3028 856 3106 Λακεδαιμονίους.
1009 3034 1142 3085 daemomos
1153 3036 1307 3085 transierunt.

219 3120 323 3181 CVlll.
346 3117 491 3195 Γενομένης
503 3116 530 3176 δὲ
543 3119 632 3197 μάχης
643 3120 670 3176 ἐν
683 3116 811 3199 Τανάγρᾳ
823 3122 869 3188 τῆς
882 3121 965 3177 Boter-
1041 3126 1128 3174 ch'lll.
1147 3124 1234 3173 Prmlio
1250 3130 1331 3174 autem
1347 3123 1377 3173 ad
1393 3127 1524 3187 Tanagram
1541 3127 1640 3177 Boeotiae
1652 3129 1798 3195 mmmm,

178 3206 236 3274 τίας
247 3207 339 3267 ἐνίκων
353 3205 557 3283 Λακεδαιμόνιοι
571 3205 616 3264 καί
628 3208 652 3265 οί
668 3203 816 3285 ξύμμαχοι,
831 3206 877 3264 καί
890 3204 966 3288 φόνος
1009 3211 1184 3261 Lacedaemonii
1199 3224 1331 3274 corumque
1345 3213 1403 3262 socii
1413 3214 1547 3277 superiores
1556 3221 1636 3274 erant;
1649 3220 1676 3265 et
1684 3216 1798 3281 utrinque

179 3294 280 3374 ἐγένετο
290 3293 443 3374 ἀμφοτέρων
454 3293 546 3360 πολύς.
591 3293 688 3370 (ν)Καί
701 3293 905 3371 Λακεδαιμόνιοι
918 3293 965 3371 μίν
1010 3313 1095 3361 magna
1105 3304 1197 3361 strages
1207 3303 1243 3348 est
1260 3300 1330 3348 laeta.
1366 3300 1443 3362 (tihi
1461 3302 1637 3352 Lacedaemonii
1655 3304 1758 3367 quidem
1772 3305 1797 3356 in

179 3387 205 3450 ἐς
217 3382 264 3455 τὴν
279 3382 416 3464 Μεγαρίδα
432 3381 548 3447 ἐλθόντες
562 3381 607 3440 καί
622 3381 873 3462 δενδροτομήσαντες
885 3381 965 3440 πάλιν
1010 3401 1093 3449 agrurn
1107 3390 1270 3449 Megarensem
1282 3389 1382 3450 ingressi
1396 3389 1521 3438 arhorihns
1530 3391 1600 3440 eaesis
1610 3405 1652 3454 per
1662 3395 1796 3445 Geraneam

180 3473 296 3542 ἀπῆλθον
311 3469 352 3527 ἐπ’
365 3468 437 3527 οἴκου
453 3466 496 3526 ht
511 3468 636 3550 Γερανίας
648 3469 694 3527 καί
705 3469 820 3546 Ἰσθμοῦ·
836 3469 966 3541 Ἀθηναῖοι
1010 3481 1034 3525 et
1044 3476 1163 3525 lsthmnm
1174 3476 1274 3525 domum
1290 3481 1448 3526 reverterunt.
1480 3480 1639 3530 Athenienses
1650 3494 1712 3530 vero
1721 3482 1798 3533 altera

179 3557 207 3618 δὲ
220 3556 327 3639 δευτέρορ
340 3556 385 3615 καί
396 3556 522 3635 ἑξηκοστῇ
533 3554 620 3636 ἡμέρα
635 3555 702 3633 μετὰ
713 3555 760 3627 τὴν
774 3555 864 3637 μάχην
876 3556 967 3636 ἐστρά-
1010 3569 1034 3613 et
1046 3565 1195 3626 sexagesimo
1205 3564 1235 3612 ah
1248 3564 1293 3613 hae
1307 3578 1386 3627 pugna
1396 3565 1435 3614 die
1449 3566 1626 3629 expeditionem
1638 3568 1662 3617 in
1676 3570 1797 3631 Bestias,

179 3670 274 3706 reusam
293 3649 317 3712 ἐς
336 3644 466 3711 Βοιωτούς
484 3644 639 3726 Μυρωνίδου
658 3650 879 3726 στρατηγοῦντος,
933 3646 964 3721 (ι)
1010 3651 1071 3701 θυαε
1081 3651 1398 3715 llymnide,snseepemut,
1433 3654 1798 3720 (atetopndOEnophytailoee

178 3733 224 3793 καί
240 3733 314 3814 μάχῃ
328 3735 354 3791 ἐν
370 3731 524 3814 Οῖνυρύτοις
537 3731 596 3798 τοὺς
610 3729 740 3798 Βοιωτούς
753 3730 907 3802 νικήσαντες
920 3737 967 3803 τῆς
1012 3740 1042 3789 tis
1055 3740 1140 3802 prmlio
1153 3741 1272 3803 superatis
1287 3744 1312 3790 et
1329 3754 1412 3802 agrum
1430 3743 1549 3791 Βωυίίυιιι
1561 3757 1589 3792 ac
1607 3739 1796 3798 Phocensemlrr

178 3846 207 3881 τε
226 3821 314 3903 χώρας
333 3821 481 3902 ἐκράτησαν
497 3826 542 3890 τῆς
560 3819 687 3888 Βοιωτίας
705 3819 750 3878 καί
764 3819 901 3892 Φωκίδος,
920 3822 966 3879 καί
1011 3842 1080 3877 suain
1091 3833 1235 3891 potestatem
1250 3828 1409 3891 redegerunt,
1426 3834 1450 3879 et
1462 3834 1647 3892 Tanagraeorum
1660 3845 1746 3884 muros
1756 3833 1796 3885 tle·

178 3908 354 3988 Ταναγραίων
376 3909 407 3968 τδ
430 3913 516 3987 τεῖχος
540 3910 679 3988 περιεῖλον,
704 3908 750 3967 καί
778 3912 886 3988 Λοκρῶν
913 3912 966 3967 τῶν
1010 3917 1085 3966 moliti
1096 3922 1166 3975 sunt,
1179 3921 1204 3965 et
1220 3920 1350 3966 Locrorum
1368 3917 1527 3980 Opuntiorum
1543 3923 1640 3968 eentum
1657 3919 1726 3971 viros
1738 3934 1796 3986 opu·

179 3997 343 4059 Ὀπουντίων
353 3998 445 4056 ἑκατόν
458 3997 552 4078 ἄνδρας
564 3997 677 4076 ὁμήρους
688 3994 746 4063 τοὺς
755 3997 966 4066 πλουσιωτάτους
1009 4005 1157 4055 lentissimos
1165 4004 1262 4054 obsides
1273 4009 1400 4067 ceperunt,
1414 4019 1520 4068 suosque
1530 4005 1612 4068 longos
1622 4020 1707 4060 muros
1718 4008 1796 4061 absol·

179 4085 285 4157 ίλαόον,
300 4085 333 4144 τά
345 4109 373 4144 τε
384 4086 460 4164 τείχη
473 4083 506 4142 τδι
521 4089 620 4142 ἑαυτῶν
640 4082 673 4143 τά
693 4084 783 4165 μακρὰ
798 4085 963 4148 ἐπετελεσαν.
1011 4098 1104 4143 rerunt.
1141 4094 1174 4154 (i)
1191 4096 1248 4142 l‘ost
1262 4093 1314 4141 hus
1326 4093 1442 4154 AEginetar
1458 4101 1554 4157 quoque
1569 4109 1595 4145 se
1608 4096 1796 4149 Atheniensem

179 4175 211 4252 (t)
220 4173 406 4252 Ὡμολόγηταν
416 4174 442 4230 δὲ
455 4172 500 4230 καί
510 4175 650 4251 Αἰγινῆται
665 4173 732 4250 μετὰ
740 4179 824 4230 ταῦτα
831 4178 884 4241 τοῖς
893 4175 966 4245 Ἀθη-
1010 4181 1167 4240 dediderunt,
1178 4180 1216 4229 his
1225 4179 1417 4241 conditionibus,
1429 4186 1455 4230 ot
1467 4187 1491 4232 et
1501 4196 1582 4233 mistos
1590 4183 1764 4237 demolirentur
1772 4192 1797 4239 et

178 4261 273 4332 ναίοις,
284 4261 359 4340 τείχη
372 4284 400 4319 τε
412 4259 573 4342 περιελόντες
584 4260 629 4318 καί
641 4266 703 4327 ναῦς
714 4261 876 4338 παραδόντες
887 4263 964 4343 ρόρον
1009 4285 1084 4320 nares
1097 4269 1216 4318 traderent
1225 4274 1249 4318 et
1258 4268 1401 4331 imperatum
1414 4270 1531 4320 tributum
1542 4271 1566 4321 in
1574 4277 1699 4335 posterum
1708 4274 1795 4339 pende-

178 4373 207 4408 τε
218 4349 359 4426 ταξάμενοι
374 4351 399 4415 ἐς
413 4348 457 4407 τδν
470 4348 559 4407 ἔπειτα
574 4348 675 4429 χρόνον.
719 4351 748 4426 (s)
763 4350 965 4410 ΚαὶΠελοπύν-
1009 4364 1070 4407 rent.
1110 4359 1144 4419 (ὁ)
1160 4357 1351 4419 Peloponnesum
1365 4358 1438 4407 etiam
1459 4359 1616 4409 Athenienses
1632 4361 1737 4413 naribus
1749 4363 1795 4413 clr-

178 4460 257 4511 νησον
271 4436 462 4517 περιέπλευσαν
476 4437 605 4507 Ἀθηναῖοι
619 4437 753 4515 Τολμίδου
768 4444 813 4496 τοῦ
829 4438 964 4515 Τολμαίου
1009 4446 1208 4505 commotisunt,
1225 4444 1285 4494 duee
1300 4445 1409 4494 Tolmida
1426 4447 1524 4496 Tohnmi
1539 4448 1601 4507 idio,
1611 4452 1635 4497 et
1645 4448 1796 4501 haeedmm

179 4530 397 4608 στρατηγοῦντος,
411 4524 456 4582 καὶ
469 4525 499 4582 τδ
515 4524 619 4606 νεώριον
633 4524 663 4583 τδ
677 4525 892 4602 Λακεδαιμονίων
907 4527 964 4585 ε’νέ-
1009 4535 1103 4583 nlornrn
1117 4533 1211 4582 naualia
1228 4532 1400 4594 incenderunt,
1418 4540 1442 4584 et
1458 4535 1597 4584 Chalcidem
1614 4536 1796 4589 Corinthiorum

178 4636 298 4695 πρησαν,
312 4612 358 4670 καὶ
374 4612 495 4672 Χαλκίδα
510 4613 653 4694 Κορινθίων
667 4612 742 4671 πολιν
758 4604 841 4683 εἶλον,
856 4613 901 4672 καί
916 4618 964 4674 Σι-
1009 4623 1092 4672 urhern
1110 4626 1237 4683 ceperunt,
1254 4626 1278 4669 et
1292 4634 1411 4670 exscensu
1430 4635 1444 4671 e
1464 4622 1567 4672 naribus
1584 4624 1609 4673 in
1626 4630 1715 4675 terram
1734 4626 1797 4677 racio

179 4701 302 4767 κυωνίους
314 4703 340 4758 ἐν
353 4699 484 4758 insitos:
494 4705 541 4771 τῆς
552 4705 600 4777 γῆς
614 4699 689 4779 μάχη
703 4699 862 4781 ἐκράτησαν.
984 4696 989 4795 Ι
1009 4710 1132 4772 sicyonios
1143 4709 1226 4771 proelio
1238 4709 1356 4758 riserunt.

219 4791 338 4851 clx.0t
353 4788 375 4846 δ’
390 4791 461 4866 ἔντη
477 4788 603 4870 Αἰγύπτῳ
617 4788 748 4859 Ἀθηναῖοι
762 4789 806 4846 καί
821 4790 844 4845 oi
860 4787 964 4865 ξύμμα-
1040 4800 1101 4847 clx.
1118 4797 1165 4854 Qui
1182 4809 1251 4856 vcro,
1269 4797 1292 4845 in
1308 4801 1410 4860 AEgypto
1424 4802 1491 4847 erant
1508 4798 1665 4849 Athenienses
1681 4804 1707 4850 et
1724 4802 1796 4865 secti,

178 4899 223 4956 χοι
238 4875 373 4952 ἐπέμενον,
387 4875 433 4933 καί
448 4877 534 4943 αὐτοῖς
546 4875 644 4933 πολλαί
663 4874 730 4933 teto
744 4874 867 4952 πολέμων
882 4874 963 4934 κατέ-

181 4986 288 5035 στησαν.
332 4965 362 5041 (ι)
371 4963 410 5023 Τδ
418 4962 634 5045 μὲνγδιρπρῶτον
642 4962 766 5044 ἐκράτουν
774 4968 820 5034 τῆς
828 4963 963 5043 Αἰγύπτου

181 5051 325 5123 Ἀθηναῖοι,
340 5050 385 5109 καί
401 5051 522 5130 βασιλεὺς
537 5051 637 5128 πέμπει
653 5053 679 5118 ἐς
697 5050 884 5129 Λακεδαίμονα
903 5055 965 5112 Με-

182 5136 297 5217 γάόαζον
312 5138 393 5218 ἄνδρα
405 5137 513 5219 Ιίέρσην
526 5137 653 5219 χρήματα
671 5137 781 5219 ἔχοντα,
793 5140 864 5208 ὅπως
877 5143 904 5207 ἐς
916 5139 963 5212 τὴν
1008 5163 1063 5200 rum
1082 5165 1125 5201 rex
1138 5152 1204 5202 misit
1215 5153 1389 5204 ruodmanno
1399 5153 1570 5218 tregrenon,
1582 5155 1661 5206 virum
1678 5160 1793 5221 Persam,

1008 4911 1088 4960 adhuc
1099 4912 1131 4961 ihi
1139 4914 1281 4975 manebant,
1291 4921 1316 4965 ct
1324 4916 1391 4964 varia
1403 4916 1612 4980 bellorumgenera
1624 4919 1719 4981 experti
1728 4923 1794 4971 sunt.

1010 5031 1043 5093 (2)
1054 5031 1134 5081 Primo
1143 5032 1207 5082 enim
1216 5034 1374 5085 Athenienses
1383 5039 1486 5098 ,egypto
1499 5035 1666 5098 potiebantur,
1676 5042 1702 5087 et
1712 5041 1796 5089 Poma·
