3676 5828
196 371 251 423 10⁴
793 352 965 414 scflouA.
987 354 1041 426 vl,
1065 362 1188 416 15-18.

192 491 270 563 έζιις,
280 487 326 548 καί
339 491 385 560 τῆς
398 485 496 552 πολεως
510 483 596 566 ἰατρός
612 481 708 562 γενήσῃ
725 485 811 550 κακῶς
826 485 970 562 βουλευσα-
1013 488 1085 552 οῦτος
1096 483 1152 552 νέος
1167 484 1234 562 εἰμί,
1249 483 1326 564 φησί,
1343 484 1410 562 μετά
1425 489 1470 557 τῆς
1483 484 1634 565 λεγομένης
1647 487 1747 556 ἀνοίης,
1761 523 1793 535 ..

193 580 281 656 μίγη,
1011 590 1033 631 α.
1048 570 1094 642 Μή
1113 571 1341 650 μεταγιγνώσκητε
1359 579 1401 643 ...]
1418 572 1455 649 μὴ
1472 571 1516 630 διά
1533 577 1617 632 τοῦτο
1631 577 1793 652 μεταγνῶτε,

232 666 294 725 XV.
315 683 336 721 τ.
352 658 497 731 Διαόόλως]
511 658 590 735 ἤγουν
606 657 648 715 ἐπί
667 656 776 736 διαόολῇ
794 656 839 715 καί
854 680 970 733 κατηγο-
1011 656 1051 716 ὅτι
1071 658 1169 716 δοκεῖτε
1189 657 1233 717 ἐπί
1251 658 1368 737 μεγάλην
1391 658 1499 737 δύναμιν
1522 658 1691 741 στρατεύειν.
1711 695 1751 706 -
1766 667 1795 723 A}

192 749 245 830 ρίφ.
259 783 299 794 -
310 748 365 808 Καὶ
379 744 539 826 Καρχηδόνα
549 744 687 825 λήψεσθαι]
697 743 755 812 τοὺς
764 744 920 816 Ἀθηναίους.
931 781 970 791 -
1012 745 1109 817 πόλεις]
1120 750 1167 818 τῆς
1188 746 1317 813 Σικελίας.
1332 781 1372 792 -
1384 747 1438 808 Καί
1456 747 1595 827 ἐπιδσχάς]
1612 747 1644 806 τὺ
1663 748 1795 831 ἐγγράφειν

165 861 178 899 ο
191 856 213 896 4.
227 839 284 906 Τῆς
295 857 323 894 τι
333 831 402 892 κατὰ
412 832 442 891 τὺ
454 836 476 892 ἑ.
489 836 567 909 σῶμα
577 855 709 912 παρανομ.
725 835 750 898 ἐς
760 831 807 903 τήν
818 832 930 905 δίαιταν]
940 832 970 892 τὺ
1012 830 1107 912 ρφδίως
1117 833 1173 900 ταῖς
1183 832 1326 901 πολιτείαις
1337 832 1421 902 ξένους
1432 858 1460 893 τε
1473 835 1520 894 καί
1534 833 1668 917 φυγάδας.
1680 839 1814 899 -κΔιί

191 921 350 1003 παρανόμως
369 922 530 993 διαιτᾶσθαι,
550 918 567 989 ἢ
591 918 621 977 τὸ
638 921 797 996 παρανόμως
819 923 857 998 τῷ
877 923 970 978 ἑαυτοῦ
1011 917 1086 991 αὐτό]
1102 918 1145 977 διά
1157 918 1205 988 τθις
1218 919 1366 998 μεταόολδις
1384 924 1431 980 καί
1449 922 1576 1003 ἐπιδοχόις
1591 927 1642 994 τῆς
1655 925 1793 995 πολιτείας

191 1008 296 1087 σώματι
311 1012 424 1088 χρῆσθαι
438 1004 507 1064 κατὰ
520 1004 566 1073 τάς
580 1005 722 1086 διατριόάς.
737 1041 776 1051 -
791 1006 970 1088 Ἐπιτρέψαν-
1009 1037 1045 1049 -
1063 1006 1194 1084 Νομίμοις
1207 1010 1390 1081 κατασκευαῖς]
1406 1011 1435 1068 ού
1446 1018 1504 1077 ταῖς
1517 1009 1721 1088 νομιζομέναις,
1734 1014 1795 1072 dm

189 1105 240 1169 τες]
256 1096 289 1155 τδι
299 1075 344 1155 τοῦ
356 1094 480 1171 πολέμου.
494 1128 532 1138 -
543 1096 584 1154 Ού
599 1092 641 1151 διά
655 1099 759 1174 μικροῦ]
776 1095 832 1171 μετ’
846 1094 940 1171 ὀλίγον.
1011 1099 1067 1157 ταῖς
1078 1095 1187 1159 ἱκαναῖς.
1202 1092 1271 1152 ούτω
1285 1095 1330 1152 καί
1346 1093 1455 1174 νόμιμον
1471 1095 1571 1177 ῥήτορα
1581 1097 1633 1164 ιτὺν
1649 1099 1741 1158 ἱκανὸν
1756 1101 1795 1160 καί

230 1186 308 1244 XVI.
331 1183 386 1244 Καὶ
400 1181 535 1262 προςήκει]
547 1179 717 1261 ἀγερωχίαςή
730 1181 877 1263 δημηγορία
887 1180 970 1259 μεστή
1011 1174 1121 1254 νόμιμον
1141 1179 1256 1251 ἀθλητήν
1274 1204 1368 1262 φαμεν.
1387 1217 1428 1227 -
1444 1180 1483 1243 ⁰0
1500 1205 1527 1242 τι
1544 1183 1575 1242 δέ
1592 1183 1707 1253 ἕκαστος
1725 1192 1795 1260 ...]]

154 1294 175 1334 ιι·
191 1277 235 1331 τοῦ
249 1269 423 1329 ’λλκιύιάδου
440 1301 478 1314 -
492 1266 649 1338 Ἐπιόόητός
661 1270 725 1344 εἶμι]
741 1267 880 1350 γράφεται,
892 1291 968 1347 περι·
1011 1269 1076 1329 νοῦς·
1090 1268 1141 1322 τῶν
1156 1268 1320 1346 δημαγωγῶν
1335 1267 1442 1337 έκαστος
1453 1271 1482 1328 οὐ
1500 1275 1546 1328 τοῦ
1559 1275 1637 1351 κοινῇ
1651 1273 1793 1356 συμφέρον-
1803 1292 1823 1332 ιν

191 1357 283 1430 όόητός
297 1359 360 1434 εἰμι.
373 1389 413 1400 -
429 1357 492 1422 Τοῖς
508 1353 643 1436 προγόνοις
698 1353 773 1422 δόξαν
788 1353 859 1436 φέρει
875 1361 969 1426 ταῦτα]
1010 1373 1053 1418 τος
1073 1352 1243 1432 στοχάζεται,
1262 1354 1331 1414 ἀλλὰ
1346 1356 1440 1415 οἰκείου
1453 1356 1615 1435 λήμματος,
1634 1359 1689 1419 είτε
1708 1363 1738 1420 ἐκ
1755 1368 1794 1421 τοῦ

189 1446 252 1525 παρ’
261 1442 320 1503 ὅσον
331 1449 348 1510 ή
360 1442 428 1501 οἰκία
442 1444 526 1500 αὐτῶν
538 1442 695 1522 ἱπποτρόφος
706 1441 817 1520 ἐλέγετο.
831 1484 868 1495 -
881 1462 902 1501 2.
916 1442 970 1502 Καὶ
1011 1439 1081 1520 λόγιρ
1101 1440 1196 1499 πείθειν
1215 1442 1374 1522 περιγένοιτο
1393 1447 1463 1524 αὐτῷ
1478 1445 1509 1504 τὸ
1523 1445 1629 1517 λαῦεῖν,
1644 1447 1700 1506 εἴτε
1714 1452 1744 1508 ἐκ
1755 1457 1794 1510 τσῦ

190 1532 255 1612 ὺπέρ
270 1529 377 1608 δύναμιν
399 1528 488 1606 μείζω]
511 1533 612 1600 ἑαυτῆς.
634 1563 670 1573 -
691 1531 739 1608 Τῷ
757 1531 814 1609 ἐμῷ
833 1529 970 1608 διαπρεπεῖ
1012 1527 1168 1596 στασιάζειν.
1182 1530 1211 1587 ού
1223 1529 1339 1608 χαλεπόν
1350 1531 1401 1610 γὰρ
1414 1530 1548 1608 νομίζεται
1561 1537 1604 1614 τῷ
1616 1534 1655 1611 μή
1669 1538 1795 1618 καθορω-

193 1623 240 1690 τῆς
261 1617 426 1694 Ὀλυμπίαζε
449 1616 567 1697 θεωρίας]
592 1614 782 1696 διαπρέψαντος
804 1619 867 1691 ἐμοῦ
889 1620 914 1674 ἐν
937 1622 970 1696 τῇ
1012 1637 1087 1672 σαντι
1105 1617 1223 1674 ἐκπεσεῖν
1241 1622 1287 1690 τῆς
1303 1619 1439 1698 πατρίδος,
1451 1619 1497 1678 καί
1513 1620 1602 1693 ἀλλην
1615 1627 1667 1701 γῆν
1686 1629 1793 1698 οἰκῆσαι

154 1727 177 1765 ιι
192 1706 360 1783 Ὀλυμπιακῇ
375 1703 476 1784 θεωρίφ.
489 1738 527 1747 -
543 1702 670 1775 Ἐνίκησα
688 1701 728 1775 δέ,
739 1702 785 1760 καί
801 1700 916 1784 δεύτερος
931 1710 970 1774 ...]
1011 1701 1165 1781 ἐμφαίνεται
1180 1703 1207 1762 δέ
1221 1704 1266 1763 καί
1281 1707 1410 1779 ἐντεῦθεν,
1421 1705 1461 1764 ότι
1474 1708 1557 1775 οὐδεὶς
1569 1712 1607 1776 ὡς
1618 1713 1746 1794 πατρίδος
1756 1719 1795 1786 τῆς
1804 1731 1823 1770 ιι

191 1791 298 1863 ἐνίκησα
314 1790 341 1849 δὲ
358 1789 391 1847 τά
407 1813 436 1848 τε
448 1792 555 1869 πρῶτα,
571 1788 615 1847 καί
629 1787 663 1846 τά
678 1787 798 1867 δεύτερα,
815 1789 860 1846 καί
879 1788 912 1846 τὺ
929 1787 970 1847 τί·
1012 1788 1077 1855 ἰδίας
1088 1791 1188 1859 πόλεως
1199 1791 1377 1872 πεφρόντικεν.
1388 1814 1458 1853 -ο.
1470 1794 1542 1854 Ούτε
1553 1796 1637 1874 λόγου
1648 1801 1795 1882 μιξγνοίμγ

191 1877 424 1959 ταρτα.-Νόμιρ
436 1879 483 1954 μὲν
494 1876 544 1956 γθιρ
561 1876 625 1953 τιμή
638 1874 671 1934 τά
682 1881 801 1947 τοιαῦτα]
811 1875 890 1952 ήγουν
900 1876 971 1952 νόμι·
1012 1878 1156 1955 ἀκροᾶσθαι
1177 1887 1218 1951 ...]
1240 1879 1299 1938 οὔτε
1315 1885 1486 1959 ὁμονοοῦντας
1505 1882 1561 1951 ἑνὺς
1583 1887 1693 1945 ἀκούειν
1708 1891 1795 1968 λόγω,

193 1989 239 2043 μσς
245 1963 309 2041 τιμή
324 1967 373 2023 εἰσι
387 1963 420 2022 τά
432 1970 549 2023 τοιαῦτα.
564 1999 603 2007 -
616 1983 638 2023 υ.
654 1962 824 2043 Χορηγίαιςή
839 1963 911 2042 άλλῳ
922 1971 969 2042 τῳ]
1012 1963 1070 2021 οὔτε
1082 1968 1287 2047 ὁμοφρονοῦντας
1301 1973 1374 2047 κοινῇ
1389 1968 1432 2027 ἐπὶ
1450 1969 1483 2027 τά
1498 1969 1564 2048 ἔργα
1578 1975 1795 2054 παραγίγνεσθαι

192 2051 313 2118 ἑκουσίοις
323 2051 485 2132 ἓσρτασίμοις
497 2048 661 2126 ἀναλώμασι.
674 2085 711 2094 -
722 2051 873 2121 Φθονεῖται]
886 2052 969 2130 Σοφο-
1013 2084 1051 2095 -
1062 2074 1083 2112 σ.
1099 2052 1179 2113 Ὅσοι
1194 2053 1299 2114 ἔκαστοι
1313 2065 1379 2136 σφᾶς
1436 2060 1491 2137 ἠρ]
1506 2058 1563 2117 ὅσοι
1574 2059 1687 2121 ἕκαστοι
1698 2063 1795 2143 λέγω

152 2167 178 2207 εο
192 2144 256 2211 κλής
264 2141 321 2218 [Α]
335 2141 412 2219 ιοτ]·ι
423 2138 494 2216 Πρός
503 2136 554 2216 γάρ
564 2136 607 2195 τόν
618 2135 711 2216 ἔχοντα
722 2136 809 2216 φθόνος
817 2136 898 2217 ἕρπει.
910 2164 921 2188 ι
932 2172 971 2181 -
1011 2137 1794 2234 τὸνίδιονάριθμόν.-ο.Εύποριὸτεραμύκαταμηχανώεερε,
1804 2176 1824 2214 ¹

194 2228 247 2288 Καὶ
254 2231 301 2287 οὐκ
311 2224 487 2306 άχρηστοςῆδ
496 2230 513 2295 ἡ
523 2223 634 2295 διάνοια]
645 2222 808 2302 εἰρωνεύεται
818 2223 970 2282 ὁἈλκιόιά-
1012 2259 1052 2269 -
1065 2247 1088 2286 7.
1108 2228 1176 2294 Τοὺς
1190 2229 1281 2296 αὐτοὺς
1300 2229 1414 2302 τούτους]
1433 2230 1491 2298 τοὺς
1511 2236 1751 2314 Λακεδαιμονίους,
1761 2276 1796 2288 -

192 2318 246 2386 δης,
253 2313 335 2393 λέγων
344 2311 396 2388 δτι,
408 2315 429 2370 εί
437 2311 481 2370 καί
489 2311 596 2382 ἀνόητος
603 2309 812 2391 φαίνομαίτισιν,
820 2311 878 2368 ἀλλ’
885 2303 970 2391 ούντῇ
1013 2310 1116 2394 Ούεπερ
1128 2321 1172 2372 νῦν
1184 2317 1249 2397 φασὶ
1262 2317 1411 2394 πολεμίους]
1426 2319 1505 2400 φασὶν
1521 2323 1545 2378 σί
1558 2323 1625 2402 περί
1635 2323 1683 2384 τὺν
1699 2328 1796 2390 Νικίαν.

191 2403 266 2460 πολει
281 2404 327 2459 οὐκ
339 2397 470 2479 ἄχρηστός
481 2397 537 2456 ἐστί
548 2421 598 2472 μου
611 2402 628 2466 ή
642 2396 730 2467 ἄνοια,
743 2396 811 2456 ἀλλά
822 2397 867 2455 καὶ
877 2396 972 2478 ὠφέλι-
1014 2401 1151 2477 πολεμίους
1163 2403 1189 2460 δὲ
1204 2403 1263 2470 τοὺς
1277 2405 1509 2477 Πελοποννησίους.
1524 2414 1612 2468 ταῦτα
1632 2411 1661 2471 δέ
1676 2415 1742 2495 πρὸς
1757 2418 1796 2477 τὸν

192 2513 248 2565 μσς.
258 2524 298 2534 -
308 2485 552 2563 Τοῖςῖδίσιςτέλεσι]
562 2484 698 2550 δαπάναις.
709 2504 778 2543 -ι,
789 2484 860 2565 Πρὸς
868 2485 970 2558 οὐδένα]
1012 2487 1116 2562 Νικίαν,
1135 2488 1244 2568 λέγοντα
1260 2520 1270 2542 ιι
1286 2492 1353 2572 φημὶ
1370 2492 1420 2572 γάρ
1438 2498 1508 2570 ἡμᾶς
1524 2497 1674 2575 πολεμίους
1691 2504 1807 2566 πολλοὺς.

152 2596 178 2634 τυ
192 2579 380 2656 εύπραγοῦντα.
416 2605 454 2616 -
479 2574 519 2631 Οὺ
552 2569 802 2651 προςαγορευόμεθα]
832 2573 889 2630 ἀντὶ
926 2579 971 2631 τοῦ
1012 2574 1101 2632 ἐνθάδε
1122 2576 1303 2645 ὺπολιπόντας,
1324 2607 1335 2629 ι
1349 2614 1388 2622 -
1407 2579 1463 2651 Τὴν
1477 2582 1575 2660 ἀρχήν]
1594 2589 1648 2644 τῶν
1664 2587 1794 2661 ‘mm
1805 2607 1825 2646 ς

192 2661 376 2743 ὁπερορωμέθα
385 2660 505 2717 τέθεικεν·
519 2658 575 2716 ἐπεὶ
585 2657 735 2734 συμόέόηκε
749 2658 808 2726 τοὺς
821 2660 972 2740 παρορωμέ·
1012 2661 1139 2730 δηλονότι.
1151 2705 1190 2714 -
1205 2684 1227 2723 ε.
1240 2664 1311 2723 Ούτε
1325 2664 1475 2724 ἀνέλπιστοί
1487 2691 1531 2726 πω
1547 2677 1591 2743 ...]
1607 2672 1686 2733 ούδὲν
1703 2679 1796 2752 μᾶλλον

192 2775 249 2817 νους
260 2750 311 2809 ύπὺ
322 2753 372 2807 τῶν
385 2747 465 2813 πέλας
479 2751 508 2806 οὺ
520 2746 763 2826 προςαγορεύεσθαι.
778 2782 818 2791 -
831 2747 870 2808 Ἦ
881 2747 915 2805 τά
926 2747 971 2807 ίσα
1013 2749 1179 2820 ἀπηλπίκασι
1199 2751 1405 2824 Πελοποννήσιοι
1426 2759 1472 2812 τοῦ
1495 2754 1627 2818 δύνασθαι
1651 2767 1796 2825 καταλῦσαι

192 2838 276 2915 νέμων
293 2837 335 2915 ..]
350 2837 434 2915 ὥςπερ
453 2838 504 2893 τῶν
526 2833 716 2912 δυστυχούντων
737 2845 895 2916 καταφρονεῖ
917 2861 971 2909 τις,
1013 2840 1091 2912 ἡμᾶς.

193 2925 260 2985 ούτω
272 2924 317 2983 καί
331 2922 406 2989 αύτδς
418 2921 551 3002 ἀνεχέσθω
566 2921 616 2980 ύπὺ
633 2926 685 2980 τῶν
697 2922 873 3002 εὐτυχούντων
887 2926 913 2982 ἐν
924 2923 971 3001 μέ·
1052 2925 1158 2984 xvlll.
1180 2924 1375 3005 Σκηπτόμενοι]
1402 2929 1634 3007 προφασιζόμενοι.
1661 2970 1706 2982 --·
1732 2940 1796 2999 οὐδ]

153 3029 180 3070 ³0
194 3036 231 3093 ρει
251 3009 499 3092 καταφρονούμενος·
518 3007 535 3079 ἢ
556 3010 579 3067 εί
598 3009 719 3087 βούλεται
740 3009 778 3087 μὴ
797 3015 973 3092 ὑπερορᾶσθαι
1013 3011 1104 3069 ἐκεῖνοι
1114 3011 1191 3089 ἡμῖν]
1202 3011 1356 3085 ἐόοήθησαν.
1370 3049 1410 3058 -
1420 3016 1601 3096 Προςεθέμεθα
1615 3023 1725 3105 αἰηούς]
1738 3026 1795 3105 ξυμ.
1805 3040 1825 3079 εν

192 3123 279 3159 κακοπ
296 3102 376 3177 αγῶν,
385 3098 445 3175 μηδ’
453 3096 530 3164 αὐτὸς
537 3100 588 3155 τῶν
598 3097 762 3176 ἀτυχούντων
770 3098 971 3179 καταφρονείτω.
1013 3097 1113 3176 μάχους
1126 3099 1306 3177 ἐποιησάμεθα
1319 3101 1420 3168 αὐτούς.
1436 3137 1476 3147 -
1488 3102 1638 3167 Κωλύωσιν
1653 3114 1796 3194 αὖτούς]οί

195 3221 227 3230 -
250 3122 319 3246 Οἶδα
340 3182 367 3243 δέ
382 3183 441 3251 τοὺς
457 3181 598 3261 τοιούτους]
617 3182 676 3254 ήτοι
691 3181 749 3251 τοὺς
770 3183 899 3252 τοιούτους
919 3209 972 3266 φη·
1013 3183 1250 3262 Ἐγεσταῖοι.-ι.
1259 3186 1296 3247 Ἦ
1305 3189 1487 3268 φιλοκρινοῖεν]
1495 3190 1651 3263 ἐξετάζοιεν.
1663 3203 1797 3280 -Λῖνιῇ

192 3272 233 3330 σὺν
248 3276 274 3332 ἐν
290 3271 466 3352 λαμπρότητι.
480 3305 521 3316 --
536 3269 591 3329 Καί
608 3269 664 3328 ὅσοι
680 3269 707 3329 έν
725 3294 791 3338 τινος
806 3271 973 3353 λαμπρότητι
1013 3269 1114 3350 ήτοιτῇ
1130 3274 1208 3352 ἀρχῇ.
1221 3274 1324 3335 -Τὸυ
1338 3273 1389 3356 γὰρ
1399 3279 1596 3359 προῦχοπα,,,]
1610 3291 1699 3346 ταῦτα
1714 3289 1796 3367 λέγῃ,

192 3360 332 3440 προέσχον]
345 3360 390 3419 καὶ
404 3357 460 3418 ὅσοι
471 3358 498 3416 έν
512 3381 580 3424 τινος
590 3357 744 3438 πράγματος
752 3361 866 3440 λαμπρῷ
878 3383 973 3440 κατορ-
1013 3357 1052 3416 ότι
1072 3364 1142 3436 ἡμᾶς
1163 3363 1193 3417 ού
1214 3359 1291 3437 μόνον
1313 3361 1432 3430 ἐπιόντας
1452 3363 1595 3440 ἀμύνονται
1615 3374 1641 3429 οἱ
1660 3375 1796 3455 πολέμια,

153 3461 180 3502 ab
193 3447 295 3526 θώματι
306 3447 451 3529 κρείτττους
460 3444 585 3525 ἐγένοντο.
598 3480 639 3489 -
650 3446 697 3506 Ἐν
708 3444 754 3524 μέν
763 3451 801 3528 τῷ
811 3450 869 3505 κατ’
881 3448 973 3515 αὐτοὺς
1014 3445 1082 3503 ἀλλά
1092 3445 1149 3523 καί,
1160 3444 1229 3514 ὅπως
1241 3446 1279 3525 μὴ
1288 3447 1530 3531 ἐπιστρατεύσωμεν
1540 3455 1644 3529 αύτοῖς,
1655 3470 1796 3545 προνοῶν.
1806 3483 1827 3524 ⁸

194 3535 254 3615 βίῳ]
267 3537 345 3614 ήγουν
359 3538 417 3594 καθ’
431 3534 459 3593 δν
475 3534 567 3614 χρόνον
584 3536 656 3602 ζῶσι.
670 3569 711 3582 —
729 3534 867 3615 Λυπηροὺς
885 3535 971 3610 ὄντας]
1014 3555 1057 3590 ται
1069 3533 1114 3591 καί
1128 3540 1362 3616 προεπιχειροῦσιν.
1379 3571 1420 3582 -
1433 3558 1455 3598 3.
1469 3538 1516 3599 Ἐν
1530 3541 1610 3620 τῷδε]
1625 3545 1711 3624 ἤγουν
1725 3554 1797 3636 qu'o

192 3623 322 3703 λυπηροὺς
332 3620 390 3689 τοὺς
401 3621 549 3702 ἐπιφθόνους
564 3621 675 3692 ήκουσα·
695 3621 783 3693 ἐπειδὴ
800 3622 845 3681 καὶ
859 3626 873 3681 ὁ
885 3623 973 3704 φθόνος
1014 3618 1112 3699 ἄρχειν.
1125 3655 1164 3663 -
1174 3619 1225 3681 Διά
1236 3620 1266 3679 τὺ
1316 3621 1432 3681 κίνδυνον
1446 3614 1523 3704 εἶναι]
1539 3627 1584 3685 διὰ
1597 3630 1628 3689 τὺ
1642 3639 1797 3699 κινδυνεύειν

192 3709 262 3782 λύπη
275 3708 344 3769 κατά
357 3708 387 3768 τὺ
401 3707 471 3788 γένος
482 3708 547 3768 ἐστί.
563 3742 602 3751 -
616 3728 637 3768 ο.
648 3710 711 3776 Τοῖς
723 3709 828 3786 ὁμοίοις]
839 3712 892 3777 τοῖς
904 3713 973 3789 λαμ-
1014 3705 1045 3764 διν
1061 3709 1189 3786 ἀρχθῆναι
1201 3713 1271 3785 ἡμᾶς
1283 3710 1325 3791 ὑφ’
1339 3710 1444 3792 ἑτέρων.
1456 3748 1497 3758 -
1509 3715 1565 3775 Καὶ
1577 3719 1629 3777 ούκ
1643 3723 1676 3781 ἐκ
1689 3732 1737 3785 τοῦ
1751 3731 1797 3786 εὖ.

193 3797 303 3878 πρὸτητι
315 3796 481 3877 προέχουσιν.
496 3831 535 3840 -
547 3795 602 3856 Καὶ
614 3795 702 3864 ἀλλοις
712 3796 841 3869 ξυνόντας]
854 3799 906 3856 ἀπὺ
918 3822 973 3858 κοι-
1013 3800 1058 3852 τοῦ
1076 3795 1245 3854 ἐπισκεπτέον
1263 3798 1372 3876 ἡμῖν...]
1391 3800 1437 3857 καὶ
1455 3802 1505 3879 οὺχ
1526 3804 1626 3880 ὁμοίως
1644 3808 1733 3892 ὥφπ,
1749 3816 1796 3883 ,ἀ

153 3908 180 3947 ευ
193 3890 237 3943 νοῦ
251 3885 263 3910 ”
275 3883 338 3964 πρός
351 3882 381 3941 τὸ
392 3882 523 3962 λυπηροὺς
537 3883 686 3944 ἀκουστέον.
700 3919 740 3927 -
753 3884 930 3965 Προςποίησίν
943 3909 973 3945 τε
1015 3883 1101 3949 ἀλλοις
1113 3882 1225 3963 ἡσυχίαν
1237 3889 1301 3962 ἡμῖν
1312 3886 1500 3962 ἐπιτηδευτέον,
1510 3889 1550 3965 (τὺ
1561 3890 1615 3973 γάρ
1627 3897 1824 3961 ἐπισκεπτέονθ

195 3970 339 4050 ῖυγγενείας
351 3969 462 4041 τισὶν...]
477 3973 500 4029 οἱ
515 3969 605 4029 ἔπειτα
624 3971 754 4052 άνθρωποι
770 3970 829 4038 τοὺς
844 3970 974 4040 τοιούτους
1015 3968 1071 4027 ἀντὶ
1087 3975 1132 4028 τοῦ
1154 3971 1333 4043 ἐπιτηδευτέον
1350 3972 1482 4051 τέθεικεν]
1505 3980 1527 4035 εί
1547 3976 1585 4054 μή
1609 3981 1657 4039 καί
1676 3984 1747 4044 κατὰ
1764 3986 1795 4046 τά

194 4057 332 4140 προγόνους
339 4061 423 4116 αὑτῶν
431 4057 476 4115 καί
485 4066 615 4134 συγγενεῖς
624 4059 745 4136 αὐχοῦσι,
754 4056 803 4115 κάν
810 4057 847 4134 μή
855 4047 904 4116 ἀισι
910 4060 974 4141 πρὸς
1015 4056 1210 4134 ἐπιτηδεύματα
1224 4061 1276 4126 τοῖς
1290 4060 1393 4137 σίλλοις,
1407 4062 1494 4142 φησίν,
1507 4063 1744 4141 ἐξομοιωθήσεσθε.
1760 4109 1795 4121 -

195 4145 289 4224 γένους.
302 4180 342 4190 -
353 4166 374 4205 σ.
390 4143 593 4221 Ἐπιῦοόιμενος]
605 4144 717 4203 ἀντίτοῦ
731 4144 973 4222 καταλαλούμενος,
1014 4162 1036 4204 4.
1057 4143 1141 4222 Τάδε]
1162 4144 1195 4203 τά
1216 4147 1327 4206 ἐνταῦθα
1344 4147 1498 4228 πράγματα.
1514 4186 1555 4195 -
1574 4154 1794 4238 Στορέσωμενελ

194 4233 211 4304 ἢ
226 4232 379 4315 περιόόητος
392 4231 436 4291 ὧν.
457 4234 472 4308 §
490 4231 705 4312 ἐπιφημιζόμενος
721 4231 790 4291 κατὰ
803 4231 837 4289 τδι
857 4232 920 4292 ίδια.
933 4270 974 4279 -
1014 4230 1147 4312 φρόνημα]
1162 4237 1213 4291 τῶν
1228 4233 1300 4314 παρά
1313 4235 1461 4316 Θουκυδίδῃ
1472 4244 1605 4318 τροπικῶν
1617 4244 1794 4322 όνομάεωνε]

155 4343 180 4379 ω
195 4320 345 4392 Ξυστήσας]
361 4322 416 4398 μεθ’
429 4323 501 4397 ὑμῶν
515 4319 626 4392 στήσας,
640 4320 685 4378 καί
699 4319 763 4400 φίλα
776 4321 837 4397 ὑμῖν
852 4321 972 4392 ποιήσας.
1015 4319 1191 4397 σκληρότατον
1205 4320 1281 4380 τοῦτό
1294 4324 1372 4380 ἐστιν·
1391 4321 1459 4381 ἀλλά
1475 4324 1545 4383 κατὰ
1560 4327 1733 4407 Ἀλκιόιάδην
1745 4361 1792 4419 w.
1801 4357 1821 4398 μ

195 4445 235 4455 ..
248 4409 293 4475 Ἐς
308 4408 369 4485 μίαν
380 4409 480 4486 ἡμέραν
490 4409 649 4480 κατέστησα]
666 4407 722 4465 ἀντὶ
733 4412 779 4465 τοῦ
791 4410 817 4465 ἐν
828 4418 876 4489 μιᾷ
888 4409 973 4491 ἡμέρᾳ
1015 4406 1065 4467 σίν,
1081 4443 1120 4451 -
1136 4407 1182 4467 Ἐν
1196 4400 1230 4489 ᾧ]
1250 4412 1288 4489 τῷ
1302 4414 1422 4469 κακῶσαι
1439 4414 1645 4492 Συρακουσίους.
1662 4456 1705 4466 -
1717 4446 1740 4484 ε,
1757 4427 1793 4487 Τ]

197 4495 344 4572 ἠνάγκασα.
361 4530 400 4539 -
415 4494 469 4563 Καί
480 4493 683 4574 περιγενόμενοι]
696 4497 719 4552 οἱ
734 4493 943 4570 Λακεδαιμόνιοι.
1015 4493 1042 4550 δὲ
1055 4492 1180 4574 ἀσφαλές]
1194 4495 1338 4575 ἀσφάλειαν
1350 4496 1377 4556 δὲ
1389 4499 1435 4557 καί
1445 4499 1511 4576 μετά
1526 4502 1681 4581 ἀσφαλείας,
1691 4544 1734 4555 -..
1742 4515 1793 4572 Ab.

235 4585 328 4643 XVII.
351 4583 405 4642 Καὶ
426 4587 508 4640 ταῦτα
529 4585 546 4652 ἡ
567 4580 617 4658 ἐμή
634 4579 721 4652 νεότης
724 4626 801 4641 .....
804 4581 815 4659 ]
831 4580 972 4641 καὶταῦτα
1014 4581 1166 4662 τοκράτορες
1180 4581 1230 4663 γδιρ
1243 4583 1354 4662 ἐσόμεθα
1369 4611 1395 4646 κ.
1411 4586 1433 4655 ξ.
1448 4589 1496 4666 Σ.]
1511 4591 1559 4647 οὐκ
1572 4592 1618 4651 ε’πί
1635 4600 1683 4653 τοῦ
1703 4600 1792 4669 αὺτεξ·

197 4672 296 4749 ἐγένετο
308 4669 340 4727 δι’
352 4667 398 4746 ἐμέ
412 4669 455 4727 τὸν
470 4668 524 4728 νέον
539 4667 583 4726 καὶ
598 4666 670 4747 παρά
683 4666 759 4749 φύσιν
773 4667 880 4738 ἀνόητον
900 4670 973 4746 λογι-
1014 4669 1095 4727 ούσιοι
1109 4669 1206 4728 τέθεικε
1223 4670 1252 4728 τὸ
1271 4673 1467 4754 αὐτοκράτορες·
1482 4676 1538 4734 ἐπεὶ
1551 4681 1608 4745 πῶς
1628 4684 1742 4765 συνάψει
1756 4711 1792 4755 τις

158 4783 184 4822 ευ
198 4758 311 4835 ζόμενον,
322 4755 406 4834 λόγοις
416 4780 444 4815 τε
458 4757 622 4836 χρησάμενον
634 4753 761 4836 πρέπουσι
772 4754 835 4835 πρδς
847 4756 974 4834 Ἀργείους
1015 4758 1085 4837 αὐτῷ
1099 4755 1128 4814 τὺ
1142 4787 1152 4806 «ι
1167 4757 1212 4815 καί
1223 4759 1378 4835 ξυμπάντων
1390 4764 1569 4837 Σικελιωτῶνς
1583 4794 1594 4817 ν
1608 4769 1626 4842 §
1642 4772 1821 4852 Μεγαρέες

197 4845 242 4904 καί
256 4843 414 4916 Μαντινέας,
429 4845 473 4901 καί
487 4842 665 4914 ἀπειλήσαντα
681 4842 739 4919 μετ’
750 4844 828 4923 ἀργῆς
838 4845 938 4915 αὐτοῖς,
951 4849 973 4903 εί
1014 4866 1063 4900 νων
1080 4845 1110 4900 ἐκ
1125 4845 1274 4925 περιουσίας
1289 4849 1463 4928 κρατήσομεν.
1481 4850 1542 4909 ἔνιοι
1561 4852 1587 4910 δέ
1604 4857 1791 4944 αὐτοκράτορα

198 4931 236 5010 μὴ
251 4931 344 4990 θέλοιεν
363 4935 521 5012 προςχωρεῒν
537 4936 611 5008 ἡμῖν.
626 4965 665 4974 -
684 4928 730 5001 Μή
746 4929 908 5010 πεφοόῆσθαι
923 4933 973 4989 αύ-
1015 4931 1072 4988 ἀντί
1084 4937 1129 4989 τοῦ
1144 4932 1217 5008 μόνοι
1231 4934 1304 5013 φασί.
1322 4971 1362 4980 -
1379 4958 1401 4996 υ.
1415 4938 1569 5018 Διάστασις]
1588 4941 1649 5013 ήτοι
1669 4948 1790 5010 ἀντίστα-

201 5016 255 5088 ιήν]
270 5016 317 5088 τήν
328 5018 342 5047 4
355 5017 476 5089 νεότητα,
489 5016 505 5088 ἢ
518 5016 565 5086 τήν
576 5017 674 5088 ἄνοιαν,
689 5015 759 5074 δκαῖ
775 5018 884 5093 μᾶλλον.
895 5017 973 5088 δῆλον
1014 5040 1062 5083 σις.
1074 5052 1114 5062 -
1130 5019 1205 5078 Πάνυ
1220 5020 1335 5100 ἀκριῦές]
1350 5022 1439 5104 ἀκρον.
1454 5060 1493 5070 -
1505 5027 1621 5086 Μάλιστ’
1633 5030 1666 5089 ἀν
1681 5036 1789 5117 ἰσχύειν]

199 5101 227 5166 δὲ
239 5107 277 5185 τῷ
291 5103 476 5185 ἐπιφερομένῳ.
488 5104 518 5163 τὺ
531 5101 581 5185 γάρ
594 5132 606 5157 ιι
620 5102 729 5181 ἀκμάζοι
739 5103 797 5181 μετ’
810 5105 890 5174 αὐτῆς
900 5130 911 5155 ν
920 5127 973 5163 τοι·
1015 5104 1067 5163 ἀπὸ
1080 5111 1165 5167 κοινοῦ
1183 5106 1213 5164 τὺ
1232 5108 1363 5183 νομίσατε.
1379 5145 1417 5156 -
1431 5110 1622 5197 Τρίψεσθαι...]
1637 5119 1788 5197 &mmm
