3676 5828
631 336 803 396 SCHOLIA.
826 336 893 407 Vll,
916 345 1035 397 70-75.
1636 353 1690 403 12³

89 479 177 538 ύατόν.
197 475 351 537 συντακτέον
366 472 392 532 δέ
409 476 446 555 τῷ
459 472 646 554 παραπλήσια,
666 473 708 531 ίνα
722 465 740 551 ὴ
757 473 787 532 τδ
801 472 865 544 έξῆς·
913 475 1089 557 Συρακούσιος
1099 474 1215 553 στρατός.
1227 519 1257 533 ..
1267 476 1335 557 Περὶ
1348 480 1394 534 τοῦ
1406 477 1522 544 πλείονος
1535 477 1586 550 ὴδη
1596 478 1691 555 καλοῦ]

90 568 158 625 ἀλλα
168 589 196 623 τε
206 565 297 641 λέγων,
309 555 350 622 οἶα
360 565 383 621 οἱ
398 564 423 620 ἐν
436 565 473 642 τῷ
484 560 591 641 τοιούτῳ
602 561 653 631 ἤδη
666 567 711 619 τοῦ
724 565 814 642 καιροῦ
825 561 870 618 όν·
913 563 979 641 ὑπὲρ
993 568 1037 619 τοῦ
1052 566 1157 631 νικῆσαι
1173 561 1290 632 δηλονότι
1311 561 1379 620 κατδι
1399 563 1503 642 κράτος.
1516 600 1548 617 ..
1564 569 1599 626 Οθ
1616 569 1691 625 ἐπελ-

89 676 131 718 τες
142 652 272 732 ἄνθρωποι
284 649 380 707 εἴποιεν
390 648 433 724 ἀν,
447 646 492 706 καί
503 647 706 729 παραπλήσιαὴ
721 647 748 705 δέ
760 647 874 710 διάνοια,
914 648 1011 726 δόντες]
1022 651 1046 706 οί
1058 649 1194 719 Ἀθηναῖοι.
1206 686 1236 696 -
1247 670 1269 707 ο.
1283 648 1394 708 Πάντων
1406 648 1456 730 γάρ
1471 650 1502 721 δὴ
1515 653 1691 729 ἀνακειμένων

91 740 160 798 ἀλλα
169 763 197 798 τε
208 739 298 816 λέγων,
311 736 361 795 ὅσα
375 739 401 795 ἐν
410 741 443 816 τῇ
453 735 560 813 τοιαύτη
573 734 724 814 περιστάσει
739 738 869 792 καθεστῶ·
914 737 966 801 τοῖς
983 735 1123 807 Ἀθηναίοις
1143 740 1169 801 ἐς
1185 735 1231 803 τάς
1252 738 1323 815 ναῦς]
1344 737 1401 808 ὴτοι
1420 737 1508 810 πάσης
1528 744 1574 811 τὴς
1590 741 1693 809 ἐλπίδος

65 844 78 881 ε
91 850 134 893 τες
144 827 275 906 ἄνθρωποι
286 822 386 891 λέξοιεν
398 823 442 897 ἀν,
455 823 500 880 καὶ
514 821 702 902 παραπλήσια,
714 818 780 898 ὑπέρ
791 822 870 877 τετῶν
916 824 1001 888 αὐτοῖς
1016 825 1042 879 ἐν
1056 831 1112 888 ταῖς
1126 823 1215 880 ναυσίν
1230 821 1316 895 οὔσης.
1332 863 1362 872 -
1377 824 1498 896 Ἔοικώς]
1518 827 1613 903 ὅμοιος,
1636 829 1693 886 ἀντὶ
1707 831 1721 869 θ

93 915 180 973 ἀλλων
192 912 307 982 πάντων,
321 909 366 968 καί
379 914 508 988 γυναικῶν
523 909 567 967 καί
585 908 687 967 παίδων
701 907 745 965 καί
759 910 832 965 θεῶν·
843 906 872 963 οὒ
915 915 960 967 τοῦ
979 910 1071 986 μείζων
1086 910 1272 969 ἁπάντωντῶν
1291 909 1386 991 φόὸων.
1400 951 1431 962 -
1451 913 1504 972 Καὶ
1519 912 1561 971 διά
1575 914 1604 973 τδ
1624 916 1694 974 ἀνώ.

93 998 282 1082 φυλαττόμενοί
295 1022 321 1054 τι
336 999 420 1055 αὐτῶν
435 999 526 1065 εἰπεῖν,
542 996 579 1073 μὴ
592 995 684 1063 δόξωσι
700 996 753 1060 τοῖς
772 995 871 1072 ἀκροα-
917 998 1045 1075 μαλον...]
1056 996 1101 1054 καὶ
1113 997 1193 1055 διάτδ
1203 1001 1229 1056 ἐν
1241 999 1315 1056 ναυσί
1327 997 1416 1075 μόναις
1428 999 1545 1070 δηλονότι
1555 1000 1641 1068 πάσας
1650 1002 1696 1068 τάς

92 1093 150 1154 ταῖς
169 1085 358 1166 ἀρχαιολογεῖν,
375 1084 443 1141 ἀλλά
456 1083 576 1165 ὠφέλιμα
591 1083 654 1162 πρδς
672 1081 720 1152 τὴν
737 1087 872 1161 παροῦσαν
917 1085 1023 1150 ἐλπίδας
1037 1084 1114 1163 ἔχειν,
1131 1085 1276 1162 ἀνωμάλοις
1291 1088 1320 1144 ἐκ
1333 1091 1378 1156 τῆς
1392 1090 1439 1165 γῆς
1451 1089 1559 1145 ἐθεῶντο
1572 1087 1619 1158 τὴν
1631 1113 1694 1147 ναυ-

92 1175 247 1255 περίστασιν
267 1172 420 1248 νομίζοντες.
443 1205 484 1216 -
504 1192 525 1230 ³.
548 1169 602 1229 Καί
625 1174 639 1227 ὁ
658 1167 704 1244 μὲν
725 1171 774 1246 οὐχ
795 1165 874 1226 ίκανά
919 1171 1028 1249 μοιχίαν.
1042 1174 1059 1247 §
1073 1170 1115 1229 διλι
1129 1170 1176 1243 τὴν
1191 1173 1342 1249 ἀνωμαλίαν
1354 1178 1401 1244 τῆς
1414 1172 1502 1253 χώρας
1521 1174 1596 1233 ἄλλοι
1610 1175 1695 1242 σίλλοις

56 1269 81 1307 ¹⁰
95 1261 227 1342 μᾶλλονῆ
243 1259 385 1338 ἀναγκαῖα]
407 1259 451 1317 καί
472 1263 485 1316 δ
505 1259 598 1323 Νικίας
621 1257 751 1336 ἀναγκαῖα
775 1256 874 1331 μᾶλλον
918 1258 1041 1339 ἐθεώρουν
1057 1258 1103 1329 τὴν
1123 1259 1282 1338 ναυμαχίαν.
1300 1307 1332 1320 ..
1350 1280 1371 1320 ³.
1392 1261 1432 1320 Δι’
1447 1261 1535 1339 ὀλίγου
1551 1261 1602 1342 γάρ
1618 1262 1695 1336 οὔσης
1713 1271 1736 1308 ¹⁰

95 1354 164 1432 ἤπερ
175 1348 263 1409 ίκανά.
273 1382 312 1391 -
324 1347 394 1427 Πρὸς
402 1345 432 1404 τὸ
447 1350 546 1424 ζεῦγμα
561 1350 605 1404 τοῦ
619 1343 731 1420 λιμένος]
746 1342 760 1401 θ
773 1340 873 1412 δηλαδὴ
918 1348 964 1415 τῆς
978 1345 1083 1423 θέας...]
1095 1343 1216 1424 σύνεγγυς
1226 1345 1277 1427 γὰρ
1289 1347 1367 1419 οὔσης
1381 1356 1434 1413 wic
1442 1349 1527 1417 πεζοῖς
1538 1353 1584 1419 ,ἧς
1594 1374 1696 1428 ww,

95 1436 200 1508 ἶίῑθῖα*
219 1438 242 1495 θί
259 1433 447 1512 Συρακθύσῑθῑ,
462 1431 668 1514 ἆθθφρέττοντες
681 1430 711 1488 τδ
725 1431 811 1504 στόμα
830 1432 874 1487 τοῦ
918 1432 978 1510 χίας
998 1434 1033 1500 είς
1048 1433 1078 1490 τὸ
1098 1433 1197 1500 πάντας
1215 1438 1337 1513 δρᾶσθαι,
1362 1436 1407 1493 καί
1430 1436 1516 1494 ἄλλων
1539 1436 1604 1495 ἄλλο
1624 1437 1695 1519 ἔργον

97 1525 209 1603 λιμένος.
229 1558 270 1568 -
288 1521 342 1581 Καὶ
367 1521 411 1579 τδν
434 1520 637 1600 καταλειφθέντα
658 1517 808 1594 διέκπλουν]
831 1513 876 1573 καί
920 1521 1000 1589 αὐτῆς
1009 1518 1179 1599 θεωρούντων,
1187 1524 1210 1578 οί
1221 1519 1401 1597 μέννικῶντας
1410 1525 1517 1602 δρῶντες
1526 1522 1583 1588 τοῦς
1593 1523 1698 1590 οἰκείους

96 1618 173 1674 τοῦτο
185 1610 216 1670 τὸ
229 1608 305 1690 μέρος
319 1607 333 1666 ὃ
351 1610 398 1667 οὒκ
412 1607 530 1686 ἔζευκτο,
545 1608 603 1664 ἀλλ’
618 1604 739 1684 ἀνεῴγει,
754 1608 798 1662 τοῦ
816 1600 876 1660 στί·
921 1607 1076 1687 ἀνεθάρσουν
1087 1630 1116 1665 τε
1131 1606 1173 1665 διά
1188 1613 1277 1680 τοῦτο,
1297 1609 1342 1666 καί
1356 1607 1471 1689 ἔχαιρον,
1490 1613 1513 1667 οί
1532 1610 1558 1668 δὲ
1576 1609 1698 1687 θεώμενοι

58 1714 82 1756 1⁵
96 1723 178 1777 ματος
195 1703 241 1756 τοῦ
256 1695 368 1772 ὴῑμίνῡτ·
386 1695 509 1754 τουτέστί
525 1692 732 1771 mmmmm,
754 1688 817 1756 ῶττῑ
839 1686 876 1765 μὴ
920 1692 1083 1770 ἡττωμένους
1096 1695 1153 1751 κατ’
1168 1693 1233 1751 ἄλλο
1246 1694 1321 1775 μέρος
1335 1696 1515 1775 ἐταράττοντο.
1530 1697 1575 1754 καί
1592 1701 1699 1777 δρῶντες
1715 1715 1739 1752 ιο

97 1791 224 1865 ἐζεῦχθαι.
238 1818 279 1828 -
290 1781 437 1842 Βιάσασθαι
451 1784 477 1849 ἐς
487 1780 516 1839 τὸ
530 1780 590 1859 ἔξω]
606 1780 674 1857 μετὰ
690 1779 747 1858 βίας
758 1777 876 1845 ἐξελθεῖν.
921 1779 954 1837 τά
966 1780 1104 1858 γιγνόμενα
1120 1781 1274 1860 ἀθυμότεροί
1286 1806 1314 1840 τε
1326 1785 1350 1840 οί
1363 1782 1415 1840 ἀπὸ
1431 1787 1477 1854 τῆς
1488 1789 1535 1860 γῆς
1551 1785 1595 1843 καὶ
1609 1809 1699 1843 ma.

137 1873 224 1934 LXX·
245 1868 500 1949 Πρθῑίαγαγύμενοι]
519 1867 642 1949 πρότερον
660 1864 677 1936 ὴ
697 1866 834 1936 Ἀθηναῖοι.
847 1901 878 1910 -
921 1865 1019 1945 νότεροι
1028 1871 1078 1924 τῶν
1088 1867 1244 1944 ἡττωμένων
1254 1870 1281 1926 ἐν
1290 1873 1346 1936 ταῖς
1356 1868 1446 1927 ναυσίν
1457 1870 1579 1947 ἐγίνοντο.
1591 1911 1620 1921 -
1631 1873 1699 1932 Ἀνε-

96 1967 154 2024 Τοῦ
168 1958 274 2035 παντός]
290 1956 483 2036 στρατεύματος
498 1954 626 2026 δηλονότι.
641 1974 703 2012 -τ,
720 1952 811 2033 Σφίσι]
826 1953 878 2020 τοῖς
922 1953 1055 2034 θάρσησάν
1077 1978 1105 2013 τε
1131 1955 1173 2033 ἀν]
1198 1955 1278 2034 ὴγονν
1306 1955 1451 2028 ἀνέστησαν
1472 1959 1501 2016 τὸ
1523 1958 1655 2039 φρόνημα.
1669 2001 1700 2009 -

100 2048 250 2120 Ἀθηναίοις.
265 2042 300 2088 -ἶ
309 2047 370 2104 Τῶν
381 2043 518 2124 πρότερον]
536 2045 689 2121 ναυμαχιῶν
702 2040 831 2110 δηλονότι.
847 2075 878 2084 -
923 2040 1047 2121 Γνώμην]
1057 2043 1145 2120 θυμόν.
1157 2081 1188 2092 -
1197 2042 1285 2102 Ἄλλοι
1300 2042 1326 2101 δέ
1341 2043 1463 2124 καὶπρὸς
1477 2045 1616 2104 ἀντίπαλόν
1631 2052 1698 2115 τι...]

59 2146 86 2186 ²⁰
99 2158 122 2199 ε.
136 2135 174 2197 Οί
188 2160 217 2194 τι
236 2136 359 2195 ίπιύάται
377 2129 575 2211 ἐθεράπευον...]
591 2133 614 2188 οί
632 2127 769 2203 ἐπιδεῖται,
790 2125 877 2207 φησίν,
923 2128 998 2186 ἄλλοι
1015 2130 1058 2207 δέ,
1073 2131 1151 2212 φησί,
1169 2135 1222 2190 τῶν
1235 2130 1288 2188 ἀπὸ
1306 2135 1352 2201 τὴς
1367 2134 1429 2208 γῆς,
1448 2131 1542 2198 ἰδόντες
1563 2131 1700 2212 ίσόῤῥοπόν
1713 2148 1739 2186 ου

101 2226 288 2302 ἀπεμελοῦντο,
300 2224 386 2299 (τοῦτο
396 2217 447 2298 γάρ
459 2217 514 2276 ἐστι
526 2216 556 2275 τδ
567 2215 740 2297 ἐθεράπευον]
754 2214 880 2293 καίὴγω-
922 2238 973 2273 που
986 2219 1149 2296 ναυμαχίαν,
1166 2219 1208 2277 διά
1224 2218 1254 2276 τὸ
1266 2217 1335 2276 πάνυ
1350 2218 1498 2297 ἀδιάκριτον
1518 2209 1584 2276 εἶναι
1598 2219 1701 2298 πότεροι

100 2313 212 2384 νίζοντο,
226 2310 295 2377 ὅπως
307 2308 344 2388 μὴ
356 2306 529 2385 λείποιντοτῇ
546 2303 677 2385 προθυμίας
689 2306 712 2362 οἱ
725 2302 768 2361 ἐπί
780 2308 824 2360 τοῦ
835 2325 880 2359 κα·
922 2308 1028 2379 νικῶσι,
1039 2305 1258 2382 συνεξομοιοῦντες
1271 2303 1424 2383 τὰσώματα
1437 2311 1469 2385 τῇ
1481 2307 1540 2386 περὶ
1552 2310 1603 2365 τῶν
1615 2330 1700 2384 γιγνο·

98 2396 287 2479 ταστρώματος
296 2397 420 2467 όντεςτῆς
433 2417 461 2452 τε
475 2397 527 2451 τῶν
541 2394 641 2450 ναυτῶν
653 2390 698 2449 καὶ
712 2388 879 2469 κυόερνητῶν
924 2387 1007 2464 μένων
1022 2392 1175 2472 πρυςδοκίαγ,
1190 2391 1312 2450 ἀπένευον
1330 2396 1369 2473 τῷ
1384 2391 1488 2470 σώματι
1506 2395 1568 2472 τῇδε
1586 2396 1700 2452 κάκεῖσε.

99 2485 243 2564 τέχνης.-
256 2483 376 2564 Πρῶτος]
391 2480 449 2540 ἀντί
462 2485 508 2538 τοῦ
524 2477 620 2557 ἔξοχος.
639 2523 671 2536 ..
685 2497 706 2536 ς,
728 2476 775 2536 Ἐν
789 2475 879 2556 ὀλίγῳ]
923 2516 955 2530 -
975 2475 1026 2537 Διά
1045 2476 1075 2535 τδ
1093 2477 1204 2558 ἀκρίτως
1224 2477 1326 2557 ξυνεχὲς
1347 2482 1394 2549 τῆς
1416 2479 1540 2559 ἁμίλλης]
1564 2479 1703 2558 γενομένης

61 2590 87 2629 κ
102 2572 262 2649 διαστήματι
276 2570 403 2642 δηλονότι.
417 2571 495 2627 -Ᾱί
512 2565 539 2624 δέ
557 2563 740 2644 προςδολαὶ...]
754 2567 880 2642 συνεχῶς,
925 2564 1043 2638 δηλονότι
1069 2566 1180 2647 ἀκρίτως
1198 2572 1245 2637 τῆς
1264 2565 1701 2646 ἀμθιλης.-’1ὀῖς]τούτοις.-
1716 2584 1742 2623 κο

102 2660 191 2743 φησίν,
209 2658 338 2736 ἐγίγνοντο
352 2659 379 2714 αἱ
394 2653 544 2731 συμπλοκαὶ
564 2656 615 2710 τῶν
631 2655 704 2709 νεῶν·
720 2654 746 2709 αί
766 2649 813 2728 μέν
830 2650 881 2731 γάρ
925 2656 995 2733 Παρ’
1018 2653 1116 2732 ὀλίγον]
1140 2654 1217 2732 μόνον
1236 2657 1291 2715 οῦκ.
1316 2694 1347 2706 -
1370 2675 1392 2714 ι.
1407 2653 1579 2735 Ἀγγώμαλοὴ
1599 2656 1653 2715 ίσοι.
1673 2695 1704 2706 .-

102 2749 189 2805 αάτῶν
201 2744 340 2825 φεύγουσαι
354 2740 506 2822 ἐπεφέροντο
520 2738 635 2819 ἑτέραις,
653 2738 698 2796 καλ
714 2740 742 2796 οθ
758 2736 882 2796 συνεπλέ-
926 2740 1103 2822 Ὀλορυρμδς,
1117 2740 1179 2819 βοὴ,
1192 2745 1325 2814 νικῶντες,
1337 2741 1520 2821 κρατούμενοι]
1529 2741 1648 2823 Ὅμηρος
1660 2746 1703 2815 [ΙΙ.

103 2856 193 2904 κοντα,
204 2836 232 2890 αί
242 2825 791 2908 δέίκοντλέπιπλέουσαιπροςέόαλλον.-ε.
802 2828 883 2904 Προτ-
926 2832 963 2901 Δ,
977 2830 1038 2907 σεο]

103 2910 884 3002 φέροιτο]ἀντλτοῦπροςὴλαυνεν.-Ἐπ’αὖτὴν]ἤγουνκατ’
988 2968 1017 3016 ,Ε
1031 2966 1140 3016 ΜΓ
1167 2968 1175 3014 γ
1235 2967 1242 2982 ,
1319 2969 1325 2983 γ
1352 2969 1357 2981 γ
1400 2968 1428 3026 γὴ
1456 2969 1492 3016 m
1516 2968 1543 3016 h
1573 2970 1583 2981 ι

60 3027 90 3069 οι)
105 3011 193 3078 αὐτῆς.
207 3041 237 3050 -
251 3024 273 3065 ο.
291 3005 484 3084 Ξυνηρτῆσθαι]
499 2999 708 3079 συμπεπλέχθαι.
726 3003 742 3076 §
759 3000 884 3079 ἤρτηται,
989 2983 1400 3099 ὀ)]ύπωντίέ;αγμῧ]ηυὲνζῖευχω
1438 2985 1455 3015 π
1493 2987 1504 3015 ⁹
1544 2969 1612 3032 ὄψ’
1718 3051 1745 3091 30
1778 2999 1783 3018 '

104 3094 235 3175 κρέμαται
246 3091 263 3163 ὴ
276 3090 385 3151 δέδεται.
398 3137 428 3147 -
441 3088 496 3149 Καὶ
505 3097 559 3155 τοῖς
572 3087 753 3168 κυόερνὴταις]
766 3087 824 3155 τοῦς
838 3111 884 3145 κυ·

104 3179 248 3262 δερνὴτσς,
262 3178 314 3237 είτε
326 3176 500 3259 φυλάττεσθαι
515 3174 567 3234 δέοι
582 3175 632 3233 είτε
647 3173 831 3244 ἐπιύουλεύειν,
847 3173 884 3250 μὴ
928 3206 959 3220 -
974 3184 995 3224 θ·
1010 3163 1155 3243 Μῑῖὲῡθθῑ]
1169 3163 1247 3241 ἤγουν
1263 3166 1289 3222 ἐν
1303 3168 1340 3244 τῷ
1354 3164 1462 3243 πῑδᾶγῑῑ
1476 3165 1554 3233 &²1⁵4-
1570 3168 1586 3242 §
1601 3166 1702 3247 ἄποροι.

104 3270 164 3329 καθ’
184 3267 210 3326 ίν
230 3255 392 3347 μέρος,ὀίον
413 3262 493 3330 δεξιὸν
509 3262 526 3334 ὴ
543 3260 688 3344 ἀριστερὸν,
704 3267 780 3321 τοῦτο
793 3267 885 3333 ποιεῖν,
929 3286 967 3298 ·-
985 3250 1198 3330 Κατῑνῑχθὲντετ]
1217 3251 1299 3328 ἤγουν
1314 3252 1378 3330 πρὸς
1398 3251 1446 3323 τὴν
1464 3257 1512 3328 γῆν
1533 3254 1656 3322 ίλῦόντῑι·
1676 3296 1704 3305 -

106 3359 176 3416 ἀλλα
189 3350 607 3433 πανταχοῦ-Ξυμπιπτουσῶν]
619 3349 746 3419 ἀλλήλαις
758 3349 885 3429 δηλονότι.
930 3341 1043 3417 Οίμωγῇ
1056 3361 1083 3396 τί
1100 3338 1144 3396 καί
1159 3338 1252 3419 σῖὄνῳ]
1263 3336 1384 3418 Ὅμηρος
1399 3340 1442 3416 [ΙΙ.
1459 3342 1499 3413 Χ,
1511 3347 1570 3411 ιον]Ι

64 3469 92 3508 ,το
106 3490 137 3506 ..
151 3441 207 3502 Καὶ
221 3439 394 3519 ἀποστέρησιν
407 3443 454 3509 τῆς
466 3438 555 3515 ἀκοῆς]
570 3437 615 3495 καί
636 3435 817 3514 μὴδύνασθαι
835 3441 886 3495 τῶν

106 3527 292 3605 κελευσμάτων
304 3525 416 3585 ἀκούειν.
426 3566 457 3575 -
468 3547 489 3586 7.
510 3523 602 3595 Πολλὴ
616 3523 667 3604 γάρ
680 3522 711 3594 δὴ
723 3524 887 3603 παρακελευ-

108 3640 181 3682 σις...
196 3615 249 3680 τοῖς
265 3613 312 3691 μέν
325 3613 493 3691 κελευσταῖς]
508 3611 559 3669 θπδ
574 3615 624 3668 τῶν
640 3613 793 3670 κελευστῶν.
811 3612 840 3670 τὸ
860 3611 887 3670 δέ
930 3648 961 3661 -
973 3608 1018 3676 Ἐς
1031 3607 1161 3690 φυλακὴν]
1171 3606 1223 3665 ἀπδ
1234 3613 1333 3679 κοινοῦ,
1344 3607 1529 3688 πορεύοὴθουν.
1539 3631 1598 3670 -7.
1612 3610 1659 3671 Ἐν
1670 3615 1708 3693 τῷ
1720 3629 1748 3669 ευ

109 3703 277 3772 ίπιύοῶντες,
291 3699 494 3777 συνταττόμενον
507 3702 545 3779 τῷ
560 3697 669 3769 «πολλὴ
683 3697 734 3780 γάρ
750 3698 780 3770 δὴ
800 3723 888 3779 παροι-
930 3696 1096 3778 παραυτίκα]
1106 3695 1184 3773 ὴγουν
1205 3697 1232 3753 ἐν
1242 3699 1280 3776 τῷ
1294 3698 1415 3755 ἐνεστῶτι
1428 3695 1486 3755 τότε
1497 3698 1592 3779 χρόνῳ.
1608 3747 1639 3758 ..
1656 3701 1707 3761 Καὶ

108 3789 226 3855 κέλευσις
236 3790 279 3868 ἀφ’
290 3785 419 3866 ἑκατέρων
426 3789 478 3854 τοῖς
487 3786 635 3852 κελευσταῖς
644 3815 669 3857 ο,
680 3787 888 3866 ἐσχημάτισται,
931 3788 954 3844 οἱ
967 3787 992 3842 ἐν
1007 3790 1040 3864 τῇ
1055 3783 1135 3863 νήσῳ]
1151 3782 1306 3863 θπερδοιτόν.
1318 3782 1348 3841 τδ
1357 3783 1421 3855 ἑξῆς
1431 3785 1476 3843 καί
1490 3788 1513 3843 οί
1525 3786 1707 3859 διαύεύηκότες

70 3896 98 3936 ιο
110 3870 142 3950 ὴν
162 3875 213 3955 γδιρ
237 3873 306 3933 κατὰ
326 3873 402 3954 φύσιν
423 3873 467 3946 τδ,
484 3873 570 3932 πολλὰ
589 3871 640 3952 γάρ
657 3873 688 3944 δὴ
708 3877 731 3932 οί
752 3875 889 3933 κελευσταὶ
932 3875 1018 3938 αὐτοῖς
1030 3870 1248 3949 πρυςαπώλλυντο
1259 3873 1285 3929 ἐν
1299 3875 1331 3950 τῇ
1344 3872 1415 3952 νὴσῳ
1429 3872 1527 3952 ἀνδρες.

111 3962 233 4032 ἀλλὴλοις
246 3957 459 4041 παρεκελεύοντο.
474 3998 505 4012 -
521 3959 598 4020 Κατά
612 3958 660 4031 τὴν
672 3959 779 4040 τέχνην]
794 3961 888 4041 τέχνην
972 3961 1085 4021 Lxxll.
1106 3978 1128 4017 τ.
1143 3962 1258 4029 Atriam
1273 3959 1415 4040 ἀναίρεσιν]
1428 3960 1567 4040 ἀνάληψιν.

110 4048 182 4126 λέγει
199 4047 247 4118 τὴν
261 4047 339 4119 ἰδίαν,
358 4045 405 4118 τὴν
419 4046 596 4117 κελευστικὴν.
610 4085 641 4097 -
656 4047 770 4126 Αὐτίκα]
788 4055 889 4128 παροῦ-
973 4049 1104 4108 Lxxlll.
1117 4046 1347 4122 Ἀποικοδομῆσαι]
1358 4047 1506 4125 ἀποφράξαι
1516 4048 1709 4115 διάτινοςοίκο·
1723 4062 1751 4100 ⁴⁰

112 4161 172 4198 σαν.
184 4175 215 4186 -
224 4134 364 4204 Βιάζεαθαί
375 4158 403 4192 τε
415 4134 458 4192 τδν
468 4135 590 4207 ἔκπλουν]
602 4135 668 4212 μετά
680 4136 737 4215 βίας
747 4136 792 4195 καὶ
802 4136 891 4216 ἰσχύος
934 4137 1022 4211 δομῆς.
1035 4170 1066 4184 -
1077 4154 1097 4192 ε.
1112 4133 1334 4211 Ξυνεγίγνωσκον]
1348 4131 1381 4189 τά
1393 4131 1459 4191 αὐτὰ
1471 4133 1636 4213 ἐγίγνωσκον.
1649 4159 1706 4195 του-

111 4224 249 4283 ποιεῖσθαι.
262 4243 324 4282 -κ
336 4221 496 4301 Ἐκατέρων]
504 4225 555 4279 τῶν
566 4221 750 4302 Συρακουσίων
759 4222 804 4281 καί
815 4224 887 4297 Ἀθη·
933 4221 1018 4280 τέστιν
1036 4220 1215 4299 ὁμογνώμονες
1232 4212 1299 4288 ὴσαν
1319 4221 1400 4298 αὐτῷ.
1415 4251 1449 4260 -—
1468 4220 1522 4279 Καὶ
1543 4219 1600 4297 ἀμα
1620 4225 1709 4302 ίορτῆς

72 4327 99 4367 οε
112 4311 202 4370 ναίων.
216 4354 248 4367 ...
261 4312 296 4369 Οἱ
311 4308 358 4385 μὲν
372 4309 540 4380 Ἀθηναῖοι...]
556 4311 579 4367 οί
590 4313 642 4367 τῶν
653 4309 794 4380 Ἀθηναίων
806 4334 885 4392 στρα·
934 4307 1021 4379 οὔσης]
1033 4309 1111 4386 ὴγουν
1124 4304 1246 4382 ἀνεσίμου
1255 4304 1308 4382 ὴμί
1325 4330 1364 4371 ας.
1374 4345 1405 4355 -
1415 4325 1437 4365 ³.
1450 4305 1545 4367 Ἡνίκα
1557 4305 1707 4375 ξυνεσκότα-

111 4395 188 4473 τηγοί
205 4394 374 4453 ἀπυνθάνοντο
388 4398 439 4453 τῶν
455 4394 575 4476 πρύμναν
590 4396 752 4477 κρουομένων
767 4421 890 4479 τριηραρ-
934 4399 985 4468 ζεν]
998 4395 1040 4453 ὅτε
1054 4395 1104 4466 ἤδη
1117 4392 1236 4463 σκοτεινὴ
1250 4391 1293 4460 νίιξ
1304 4329 1346 4464 ὴν.
1362 4437 1392 4446 -
1405 4393 1545 4472 Διάγγελοι
1562 4399 1613 4452 τῶν
1626 4395 1710 4476 ἔνδον]

111 4488 178 4566 χῶν,
192 4482 237 4541 καί
248 4474 301 4541 οἷον
312 4484 326 4512 ⁴¹
345 4485 380 4549 είς
391 4487 439 4560 γῆν
452 4481 604 4542 ἀποόαίνειν
623 4483 820 4562 διανοουμίνιυν,
834 4487 849 4516 ⁴*
868 4490 890 4544 εἰ
933 4483 991 4554 ὴτοι
1004 4481 1116 4559 μηνυταί
1127 4480 1171 4540 καί
1188 4479 1380 4559 ἐξαγγέλλοντες
1388 4480 1421 4538 τά
1437 4482 1631 4561 Συρακουσίων.
1723 4502 1750 4540 ιο

112 4568 161 4641 τὴν
172 4573 221 4647 γῆν
233 4572 285 4626 τῶν
298 4571 336 4628 Συ
354 4568 491 4640 ακουσίων,
506 4569 560 4640 ὴτις
570 4571 624 4629 ἐστὶ
635 4571 763 4647 πολεμία,
778 4571 892 4648 νομίζου·
974 4572 1099 4630 LXXIV.
1118 4567 1259 4646 Ἐπέσςον]
1279 4568 1309 4627 τδ
1328 4567 1478 4647 στράτευμα
1493 4568 1619 4640 δηλονότι.
1633 4606 1665 4619 -
1686 4592 1708 4632 2.

113 4680 155 4716 σιν
162 4655 319 4736 οἰκειοτέραν
330 4591 395 4713 εδναι
402 4660 448 4727 τῆς
456 4655 522 4732 μετὰ
531 4659 627 4716 πολλοῦ
642 4658 721 4716 πόνου
733 4659 892 4736 κεκτημένης
936 4656 1157 4738 Ἀπεφράγνυσαν]
1166 4656 1223 4714 ἀντί
1230 4660 1275 4714 τοῦ
1285 4654 1421 4735 ἔφραττον.
1434 4701 1466 4712 -
1478 4656 1647 4734 Ἐτάσσοντο]
1658 4681 1707 4717 πα·

74 4754 102 4797 ιο
114 4741 260 4814 θαλάττης,
272 4741 402 4801 τουτέστιν
416 4734 447 4812 ἦς
458 4741 575 4820 ἐγένοντο
589 4743 730 4824 ἄρχοντας,
745 4744 811 4822 μετά
827 4748 893 4805 πολ·
936 4744 1101 4826 ρετάσσοντο,
1114 4743 1264 4812 ὡπλίζοντο.
1277 4787 1307 4798 -.
1317 4742 1531 4822 Ἀναδησάμενοι]
1547 4743 1708 4826 ὴγουνέξαρ

114 4833 168 4890 λῶν
179 4828 264 4887 πόνων
278 4829 575 4909 θαλαττοκρατήσαντες.
935 4832 1058 4903 τὴσαντες
1071 4835 1122 4890 τῶν
1134 4835 1231 4890 ἔαυτῶν
1242 4834 1315 4890 νεῶν.

154 4919 228 4977 LXI.
249 4915 412 4996 Ἰσοῤῥόπου]
434 4919 580 4984 ίσοπαλοῦς.
593 4961 624 4972 -
640 4920 728 4978 Πολὺν
741 4918 785 4977 τὸν
803 4923 892 4998 ἀγῶνα
975 4920 1086 4979 LXXV.
1109 4917 1189 4989 Καλὴ
1202 4917 1342 4984 ἀνάστασις
1351 4916 1414 4995 ἤδη]
1426 4920 1440 4975 δ
1450 4916 1496 4974 καί
1507 4916 1646 4994 σύνδεσμος
1659 4941 1710 4976 πε-
1721 4936 1747 4973 ου

116 5003 162 5062 καί
173 5002 295 5073 ξύστασιν
305 5007 352 5073 τῆς
365 5002 471 5080 γνώμης
485 4995 549 5083 εἶχε]
565 5005 621 5063 ἀντὶ
637 5010 681 5064 τοῦ
695 5009 806 5087 ίσγυρῶς
819 5012 892 5084 ἠγω-
914 4988 917 5078 ί
937 5005 1027 5088 ριττός.
1043 5052 1074 5065 ...
1093 5026 1114 5065 τ.
1131 5005 1283 5084 Αίσθέσθαι]
1302 5004 1354 5062 ἀπὸ
1372 5010 1456 5063 κοινοῦ
1468 5004 1497 5062 τὸ
1508 5005 1624 5082 ἀλγεινά.
1637 5047 1669 5062 ..
1686 5024 1708 5064 ι.

117 5090 188 5164 νίων,
199 5090 243 5148 καί
258 5088 304 5155 τάς
318 5090 430 5158 διανοίας
448 5093 622 5150 συνετίταντο.
640 5127 668 5136 ·-
688 5092 721 5152 ‘0
744 5094 862 5167 αὐτόθεν]
879 5101 894 5154 δ
913 5087 919 5143 ί
935 5093 1107 5171 Ἀντιόολίαν]
1124 5092 1298 5170 παράκλησιν.
1323 5091 1470 5163 ἀντιύαλία,
1490 5089 1593 5166 δέησις,
1615 5091 1709 5150 ἱκεσία.

991 3491 1097 3551 Κωκυτῷ
1108 3503 1121 3536 τ
1132 3486 1222 3549 εῖχοντο
1231 3487 1270 3535 καί
1282 3488 1373 3550 οἰμωγῇ
1381 3486 1442 3536 κατὰ
1453 3487 1521 3537 ἀστυ.
