3676 5828
873 276 1109 338 THUCYDlDlS

186 400 217 477 ής
230 411 283 487 πῦρ
294 405 393 476 ἐνήσειν
406 408 550 465 διενοοῦντο
560 408 585 474 ἐς
594 404 627 464 τὰ
637 405 726 476 ξύλινα
736 405 969 488 παραφράγματα,
1015 416 1039 465 iii
1048 416 1137 479 ligneas
1147 418 1291 469 munitiones
1303 419 1431 481 mjieereln
1440 422 1520 472 animo
1528 423 1666 486 iacebant,
1678 440 1803 492 quamq..

186 495 232 554 καὶ
242 494 393 577 προσιόντος
402 495 452 566 ἤδη
463 500 508 552 τοῦ
516 493 724 574 στρατεύματος,
734 487 752 574 ᾗ
761 493 842 575 ᾤοντο
853 494 968 572 μάλιστα
1014 495 1193 556 ementitam
1205 496 1328 547 aseddim
1338 497 1371 547 id
1382 512 1436 547 eam
1450 504 1556 563 mrtem,
1570 502 1693 566 adquam
1709 507 1806 591 pofinsi·

187 582 280 649 αύτούς
288 584 458 663 προσκομιεῖν
468 581 515 653 τήν
525 579 648 662 μηχανήν
657 583 704 640 καί
713 574 744 654 ἦν
756 582 968 661 ἐπιμαχώτατον,
1014 584 1082 659 ΜΨ
1093 572 1240 661 ‚macilllm
1257 574 1289 623 ab
1315 574 1345 624 5⁵⁸
1367 574 1494 663 fldfflfflum
1504 578 1540 665 'lsi
1559 579 1693 669 Pfflhfflfl»
1709 587 1803 671 eil·

186 669 284 750 πύργον
306 669 405 737 ξύλινον
428 669 469 728 ἐπ’
491 671 590 746 οἴκημα
616 669 787 741 ἀντέστησαν,
810 669 856 727 καὶ
877 668 969 735 ὕδατος
1014 650 1374 737 ΨΠΠῙῙῘΟΜΒΠΜΜΧΡΨΠ
1382 654 1598 717 P⁰¹⁰¹³¹r¹¹ff¹¹fflm
1606 658 1802 748 ¹¹¹me

187 756 320 838 ἀμφορέας
339 756 450 824 πολλούς
468 757 513 815 καὶ
529 756 619 822 πίθους
640 756 804 837 ἀνεῳύρησαν
822 756 868 815 καὶ
883 756 969 824 λίθους
1013 729 1152 788 ¹mp⁰⁵¹¹³m
1162 733 1340 790 ‘'wilmun‘'
1352 730 1555 794 ⁰tm⁰¹¹³⁸³q¹¹ae
1563 734 1694 797 ⁸⁰¹9¹²⁰¹⁸⁸
1704 741 1730 785 (ί
1740 736 1803 787 ‘¹⁰¹²

656 843 695 865 ,,
911 847 917 864 ,
945 847 956 865 ἢ
1013 808 1037 852 et
1053 803 1470 868 inpentiasaxaeoromportarunt,
1487 807 1730 873 iiominesqueniulti
1747 812 1802 863 ilinc

188 847 331 925 μεγάθθυίι
351 844 482 925 ἄνοίωπθί
499 868 526 903 τε
541 844 633 904 πολλοὶ
649 843 789 916 merim
833 847 865 923 (³)
882 850 907 905 Τ
910 868 923 903 ⁰
942 841 969 902 οὲ
1013 879 1180 929 asceudernnt.
1214 883 1249 943 (3)
1260 881 1395 931 AEdisicinm
1405 886 1646 947 autem,quodonus
1655 890 1801 952 suscepisset

186 933 285 1011 οἴκημα
303 932 384 992 λαθὸν
400 937 488 1012 μεῖζον
503 932 583 1012 ἄχθος
601 931 723 1004 ἐξαπίνης
742 933 905 1014 κατερράγη,
923 932 968 991 καὶ
1013 958 1123 1019 gratius,
1135 971 1208 1020 quam
1224 960 1289 1020 quod
1305 960 1422 1009 sustinere
1438 966 1533 1023 posset,
1550 969 1652 1027 repen„
1668 966 1799 1030 mmm

185 1020 269 1103 ψόγου
285 1022 382 1080 πολλοῦ
400 1019 538 1098 γενομένου
557 1018 616 1087 τοὺς
634 1017 681 1097 μέν
700 1017 775 1098 ἔγγὺς
792 1021 837 1077 καὶ
856 1024 969 1100 δρῶντας
1013 1035 1799 1108 est,editaqueingentitragoreAttieniensesquidem,qiriprope

185 1114 237 1168 τῶν
246 1108 388 1179 Ἀθηναίων
397 1107 512 1180 ἐλύπησε
519 1106 642 1186 μᾶλλονή
651 1107 786 1188 ἐφύύησεν,
796 1111 820 1166 ol
828 1107 968 1180 δέἀποθεν,
1012 1118 1080 1160 erant
1091 1116 1116 1161 ei
1127 1113 1529 1178 1·emcer1¹ebaiit,majomdolore,
1540 1130 1616 1180 quam
1627 1124 1697 1169 metu
1708 1120 1797 1186 irim

185 1195 231 1254 >rel
244 1195 360 1274 μάλιστα
372 1200 396 1255 οἱ
411 1193 453 1254 διδ
465 1196 603 1268 πλείστου,
617 1194 771 1273 νομίσαντες
783 1193 865 1274 ταύτῃ
882 1200 968 1254 έαλω-
1012 1201 1054 1262 qui
1068 1213 1125 1249 vero
1142 1202 1222 1263 procul
1234 1201 1346 1263 aberant,
1358 1203 1483 1266 'praecipue
1499 1217 1557 1254 rero
1568 1206 1798 1269 reriiotissimi,e1i·

185 1281 259 1342 κέναι
268 1284 319 1356 ήδη
328 1283 359 1342 τὸ
367 1283 463 1366 χωρίον
472 1287 541 1366 φυγῇ
551 1286 577 1350 ἐς
587 1283 634 1357 τήν
647 1281 783 1342 θάλασσαν
795 1284 840 1342 καὶ
851 1283 897 1351 τδις
907 1289 969 1351 ναῦς
1012 1288 1151 1349 stimantes,
1163 1289 1319 1341 munitionem
1328 1289 1359 1339 ab
1371 1290 1411 1339 itia
1421 1298 1487 1353 parte
1496 1290 1547 1354 jam
1556 1306 1612 1343 esse
1623 1299 1734 1358 captans,
1745 1296 1796 1359 luge

184 1370 322 1451 ὥρμησαν,
1012 1373 1041 1421 ad
1054 1374 1279 1425 mareetadaares
1288 1377 1470 1427 contenderunt.

224 1463 324 1521 CXVI.
349 1460 402 1519 Καὶ
418 1465 432 1519 δ
447 1459 577 1541 Βρασίδας
593 1462 627 1528 ὡς
640 1458 735 1539 ᾔσθετο
750 1457 842 1525 αὐτοὺς
857 1457 967 1517 ἀπολεί-
1042 1470 1128 1519 cxvi.
1146 1469 1258 1519 Brasidas
1273 1483 1331 1519 vero
1348 1485 1423 1534 quum
1440 1473 1793 1545 animadvertissetsospropri·

184 1548 280 1617 ποντάς
291 1573 319 1607 τε
331 1548 377 1616 τθς
389 1548 507 1616 ἐπάλξεις
519 1547 564 1607 καί
578 1546 608 1605 τὸ
621 1546 771 1625 γιγνόμενον
784 1551 860 1628 ὁρῶν,
876 1550 966 1628 ἐπιρε-
1011 1557 1104 1618 gnaculi
1116 1557 1200 1620 pinnas
1211 1557 1334 1620 deserere,
1346 1564 1371 1609 et
1383 1561 1473 1611 rideret
1486 1562 1509 1611 id
1520 1564 1585 1624 quod
1595 1565 1736 1629 accidebat,
1745 1582 1793 1619 curu

185 1634 290 1713 ρόμενος
304 1640 342 1717 τῷ
357 1638 461 1716 στρατῷ
482 1633 555 1702 εὐθύς
573 1634 603 1693 τδ
617 1635 743 1714 τείχισμα
762 1632 908 1710 λαμύάνει,
922 1634 966 1692 καί
1011 1646 1062 1692 suis
1070 1645 1146 1706 copiis
1156 1646 1249 1694 irruens
1259 1647 1414 1698 munitionem
1424 1649 1550 1699 confestim
1559 1653 1638 1715 capit,
1650 1659 1791 1721 etpnotquot

184 1723 258 1791 ὅσους
270 1724 432 1801 ἐγκατέλαύε
442 1723 590 1806 διέφθειρεν.
634 1727 664 1801 (a)
677 1724 730 1784 Kal
743 1725 765 1780 ci
776 1721 823 1800 μέν
835 1723 966 1794 Ἀθηναῖοι
1011 1732 1075 1783 inea
1087 1733 1257 1795 deprehendit,
1270 1735 1396 1784 interiecit.
1434 1737 1467 1797 (2)
1481 1741 1735 1801 atquesdienienses
1748 1745 1791 1809 qut.

182 1816 236 1879 τοῖς
248 1835 276 1870 τε
291 1813 389 1880 πλοίοις
401 1814 446 1871 καί
464 1814 521 1879 ταῖς
539 1811 614 1871 ναυσί
633 1811 716 1892 τούτῳ
737 1815 775 1892 τῷ
789 1810 880 1892 τρόπῳ
893 1813 966 1870 ε’κλι-
1011 1820 1065 1870 dem
1077 1820 1206 1883 qurrmlioc
1216 1822 1287 1871 niodo
1297 1822 1377 1871 locuni
1390 1824 1457 1873 iilum
1465 1825 1641 1890 deseruissent,
1652 1831 1752 1893 navigiis
1758 1844 1790 1881 ni·

182 1899 273 1967 πάντες
295 1901 324 1960 τδ
345 1902 441 1984 χοιρίον
461 1903 486 1967 ἐς
508 1900 652 1971 Παλλήνην
673 1898 885 1976 διεκομίσθησαν·
906 1904 920 1957 ὁ
938 1898 965 1958 δὲ
1011 1909 1789 1979 cibusquePalleiiensereeepeuint;tirasidasvero(estenimin

183 1988 315 2069 Βρασίδας
328 1989 396 2065 (ἔστι
410 1988 460 2070 γδιρ
474 1992 500 2046 ἐν
513 2013 545 2068 τη
562 1988 677 2067 Ληκύθῳ
696 1988 803 2058 Ἀθηνᾶς
822 1986 900 2068 ίερόν,
920 1988 965 2046 καὶ
1011 1998 1116 2059 Lecytlio
1126 1997 1229 2047 Palladis
1240 2000 1369 2061 ternplum,
1378 2004 1499 2063 et,qiium
1508 2015 1563 2052 eam
1573 2010 1641 2055 esset
1653 2012 1790 2070 oppugriitr·

182 2074 259 2156 ἔτυχε
268 2076 395 2158 κηρύξας,
406 2077 449 2136 ὅτε
459 2077 552 2154 ἔμελλε
564 2077 678 2156 βάλλειν,
688 2080 726 2156 τῷ
736 2074 856 2133 ἐπιύάντι
868 2074 966 2158 πρώτῳ
1010 2098 1065 2146 rus,
1078 2099 1120 2148 per
1127 2087 1243 2148 praeconis
1253 2100 1337 2137 iorem
1347 2087 1467 2149 edixerat,
1478 2103 1505 2139 se
1514 2091 1613 2152 triginta
1623 2095 1715 2156 argenti
1724 2096 1789 2145 minis

182 2171 226 2224 τοῦ
241 2164 343 2244 τείχους
357 2164 496 2245 τριάκοντα
512 2174 578 2242 μνᾶς
593 2163 716 2245 ἀργυρίου
736 2162 842 2241 δώσειν)
857 2163 966 2230 νομίσας
1010 2173 1031 2221 ei
1044 2172 1170 2232 daturum,
1182 2173 1223 2235 qni
1233 2175 1325 2236 primus
1335 2188 1432 2224 murum
1443 2177 1642 2239 conscendisset)
1655 2186 1722 2231 ratus
1733 2182 1788 2233 illuri

183 2252 255 2335 ἄλλῳ
271 2253 320 2311 τινί
340 2252 430 2335 τρόπῳ
443 2251 461 2321 ἢ
476 2252 629 2334 ἀνθρωπείῳ
643 2250 691 2322 τήν
713 2251 811 2309 δίλωσιν
831 2249 964 2329 γενέσθαι,
1010 2260 1089 2309 Ιοσυιιι
1101 2262 1179 2324 aliqaa
1188 2261 1234 2310 alia
1245 2263 1430 2324 quamliumana
1441 2265 1736 2332 ratioueeaptum,qnum
1746 2270 1789 2320 ill!

181 2340 229 2407 τοίς
248 2365 277 2400 τε
292 2341 432 2421 τριάκοντα
454 2351 520 2419 μνᾶς
537 2346 570 2421 τῇ
587 2344 638 2421 θεῷ
656 2339 790 2398 ἀπέδωκεν
809 2341 835 2406 ἐς
849 2339 879 2397 τδ
896 2339 964 2420 ίερθν
1010 2349 1105 2409 triginta
1116 2352 1193 2399 ruinas
1202 2349 1255 2399 deae
1266 2351 1290 2399 iri
1302 2352 1383 2414 templi
1395 2364 1465 2401 usum
1477 2352 1557 2415 dedit,
1568 2360 1623 2404 turn
1634 2356 1708 2407 etiam
1716 2370 1789 2409 erest

182 2428 227 2486 >inl
245 2428 293 2500 τήν
318 2428 436 2501 Αήκυθον
456 2428 573 2487 καθελὼν
592 2429 637 2486 καί
656 2426 838 2494 ἀνασκευάσας
859 2427 965 2506 τέμενος
1013 2438 1484 2500 λοιγθιοοίτοίοοίοῑυιιιωείυοοοΙυιυ
1497 2441 1642 2493 illidiearit.
1676 2446 1788 2511 (interr

181 2520 276 2588 ἀνῆκεν
292 2517 370 2575 ἅπαν.
413 2518 443 2592 (a)
465 2518 518 2576 Καὶ
532 2521 546 2575 δ
561 2517 608 2593 μέν
627 2515 656 2574 τὸ
670 2516 760 2574 λοιπὸν
777 2521 821 2574 τοῦ
837 2521 965 2595 χειμῶνος
1010 2526 1049 2573 liic
1060 2526 1157 2588 quidun
1169 2526 1287 2588 reliquum
1298 2527 1384 2576 hiemis
1395 2531 1491 2590 tempus
1502 2532 1788 2594 consumpsissemus

191 286 246 338 tat

181 2605 199 2663 ἀ
213 2628 241 2663 τε
256 2595 311 2684 εἶχε
324 2608 376 2662 τῶν
392 2603 495 2685 χωρίων
511 2603 653 2663 καθίστατο
667 2603 712 2661 καί
727 2611 781 2670 τοῖς
798 2603 885 2671 ἀλλοις
901 2609 964 2664 ἐπε-

182 2691 314 2763 totiena,
329 2692 374 2750 xcii
388 2697 433 2750 τοῦ
447 2696 573 2770 χειμῶνος
588 2690 729 2759 διελθόντος
742 2691 830 2769 ὄγδοον
843 2690 898 2759 ἔτος
908 2695 963 2751 ἐτε-

181 2780 260 2839 λεύτα
272 2784 309 2860 τῷ
323 2779 440 2859 πολέμῳ.

221 2871 333 2930 CXVll.
355 2865 558 2944 Λακεδαιμόνιοι
577 2865 603 2924 δέ
626 2865 671 2925 καί
692 2866 820 2937 Ἀθηναῖοι
842 2866 899 2944 alpe
920 2862 963 2949 ἦρι

180 2962 225 3016 τοῦ
241 2956 437 3035 ἐπιγιγνομένου
452 2955 539 3037 θέρους
555 2954 627 3020 εὐθὺς
645 2954 789 3034 ἐκεχειρίαν
807 2956 964 3027 ἐποιήσαντο

181 3045 321 3115 ἐνιαύσιον,
343 3042 496 3122 νομίσαντες
516 3043 645 3114 Ἀθηναῖοι
665 3041 712 3119 μὲν
734 3044 780 3100 οὐκ
802 3041 833 3100 διν
861 3042 899 3101 ἔτι
919 3044 962 3102 τὸν

182 3132 314 3214 Βρασίδαν
329 3137 399 3214 σρῶν
411 3135 630 3213 προσαποστῆσαι
639 3130 711 3188 οὐδὲν
722 3131 782 3212 πρὶν
793 3133 964 3212 παρασκευά-

181 3245 271 3281 σαιντο
284 3221 341 3280 καθ’
357 3220 480 3299 ἡσυχίαν,
499 3219 544 3278 καὶ
565 3219 622 3296 ἅμα
644 3221 666 3277 εἷ
686 3221 772 3285 καλῶς
791 3219 878 3300 σφίσιν
892 3221 962 3300 έχοι,

181 3309 226 3369 καὶ
240 3308 370 3387 ξυμύῆναι
388 3307 421 3366 ela
433 3307 529 3377 πλείοι,
543 3306 748 3383 Λακεδαιμόνιοι
763 3305 886 3366 δὲταῦτα
905 3308 963 3377 τοὺς

182 3396 329 3468 Ἀθηναίους
344 3393 482 3473 ήγούμενοι
495 3393 563 3474 ἅπερ
578 3393 679 3453 ἔδεισαν
694 3393 843 3474 ρούεῖσθαι,
859 3395 904 3454 καί
916 3419 962 3473 γε·

181 3483 290 3561 νομένης
315 3486 456 3561 ἀνακοιχής
480 3485 569 3540 κακῶν
589 3483 634 3539 καί
656 3482 838 3562 ταλαιπωρίας
863 3485 962 3560 μᾶλλον

181 3569 350 3648 ἐπιθυμήσειν
376 3568 469 3634 αὐτοὺς
488 3568 696 3648 πειρασομένους
719 3569 912 3648 ξυναλλαγῆναί
933 3595 962 3628 τε

181 3657 296 3725 καὶτοὺς
311 3658 405 3737 ἀνδρας
422 3656 508 3738 σρίσιν
520 3658 663 3723 ἀποδόντας
678 3656 793 3724 σπονδδις
804 3658 962 3728 ποιήσασθαι

180 3746 226 3803 καὶ
238 3746 263 3810 ἐς
274 3745 317 3802 τὸν
331 3743 413 3802 πλείω
423 3744 524 3822 χρόνον.
545 3747 576 3821 (2)
590 3743 658 3810 ’ίόδς
677 3743 727 3826 pt?
743 3745 775 3816 δή
792 3745 887 3827 ἀνδρας
901 3746 963 3829 περὶ

180 3832 295 3898 πλείονος
303 3836 434 3891 ἐποιοῦντο
441 3831 654 3908 κομίσασθαι,ίις
662 3832 699 3890 ἔτι
707 3833 839 3912 Βρασίδας
851 3833 962 3914 εὐτύχει·

181 3921 224 3978 καὶ
236 3920 345 3997 ἔμελλον
356 3919 398 3978 ἐπὶ
409 3922 495 3996 μεῖζον
505 3918 672 3998 χωρήσαντος
683 3924 761 3979 αὐτοῦ
771 3921 817 3981 καὶ
832 3923 963 3982 ἀντίπαλα

181 4011 393 4079 καταστήσαντος
405 4012 455 4066 τῶν
471 4006 517 4085 μέν
535 4007 682 4088 στέρεσθαι,
694 4019 747 4075 τοῖς
765 4011 786 4068 δ’
801 4013 830 4068 ἐκ
847 4017 891 4069 τοῦ
906 4011 963 4071 ἴσου

182 4096 339 4175 ἀμυνόμενοι
356 4094 511 4155 κινδυνεύειν
532 4096 577 4154 καὶ
594 4097 742 4177 κρατήσειν.
787 4102 817 4175 (a)
844 4099 963 4177 Γίγνεται

183 4175 224 4243 οὖν
241 4186 372 4267 ἐκεχειρία
385 4187 471 4251 αὐτοῖς
482 4208 510 4242 τε
525 4185 570 4242 καὶ
584 4190 636 4251 τοῖς
648 4184 795 4265 ξυμμάχοις
805 4187 862 4259 ήδε.

222 4277 349 4335 Clll'lll.
373 4302 384 4327 ο
400 4274 467 4353 Περὶ
478 4272 524 4349 μέν
536 4278 581 4331 τοῦ
591 4277 660 4353 ἱεροῦ
671 4276 716 4333 καί
728 4281 773 4335 τοῦ
785 4276 906 4352 μαντείου
917 4283 962 4335 τοῖνΙ

183 4361 343 4427 ’Λπολλωνος
361 4366 406 4418 τοῦ
422 4360 521 4420 Πυθίου
543 4361 615 4418 δοκεῖ
628 4367 692 4439 ἡμῖν
712 4367 827 4443 χρῆσθαι
841 4363 885 4421 τθν
907 4368 964 4442 βου-

180 4452 290 4529 λόμενον
303 4449 402 4515 ἀδολως
413 4447 458 4507 καί
471 4450 553 4515 ἀδεῶς
561 4447 630 4507 κατδι
644 4450 703 4518 τούς
718 4450 842 4533 πατρίους
859 4451 960 4528 νόμους.

183 4544 213 4619 (a)
227 4543 290 4606 Τοῖς
304 4537 354 4616 μέν
371 4536 585 4614 Λακεδαιμονίοις
596 4543 680 4595 ταῦτα
693 4539 818 4597 δοκεῖκαὶ
829 4546 882 4606 τᾶς
896 4538 962 4616 ξυμ-

184 4629 280 4708 μάχαις
287 4627 340 4693 τοῖς
351 4630 486 4705 παροῦσιν·
498 4623 627 4692 Βοιωτούς
639 4624 666 4682 δέ
679 4625 724 4683 καὶ
735 4626 851 4692 Φωκέας
862 4625 961 4684 πείσειν

183 4715 262 4797 praelii
275 4716 300 4780 ἐς
308 4711 417 4790 δύναμιν
428 4711 709 4793 προσκηρυκευόμενοι.
751 4715 781 4790 (τ)
796 4713 863 4793 Περὶ
874 4711 900 4771 δέ
911 4718 962 4772 τῶν

183 4801 328 4883 χρημάτων
345 4804 397 4858 τῶν
415 4806 460 4858 τού
479 4805 536 4858 θεοῦ
549 4801 729 4877 ἐπιμελεῖσθαι
748 4798 818 4866 ὅπως
831 4799 890 4866 τοὺς
904 4801 963 4857 ἀδι-

183 4896 291 4956 κοῦντας
305 4887 484 4969 ἐξευρήσομεν,
500 4890 579 4968 ὀρθῶς
595 4887 640 4945 καί
656 4886 764 4952 δικαίως
778 4889 830 4953 τοῖς
845 4887 965 4967 πατρίοις

184 4977 271 5055 νόμοις
284 4976 414 5058 χρύιμενοι
429 4976 473 5035 καὶ
487 4978 563 5053 ἡμεῖς
576 4975 621 5033 καὶ
636 4980 710 5052 ὑμεῖς
722 4975 766 5033 καί
779 4980 829 5033 τῶν
843 4975 929 5032 ἄλλοιν
940 4978 964 5032 οἱ

187 5063 351 5143 βουλόμενοι,
364 5066 416 5131 τοῖς
426 5062 544 5144 πατρίοις
556 5062 642 5140 νόμοις
655 5061 786 5142 χρώμενοι
801 5062 904 5128 πάντες.
930 5065 963 5137 (tl

1009 2614 1057 2673 eis,
1070 2627 1125 2676 qimi
1134 2613 1244 2674 tenebat,
1254 2614 1415 2676 stabiliendis,
1427 2620 1480 2665 tuin
1493 2616 1517 2665 iu
1526 2617 1687 2671 clandestinis
1694 2621 1788 2673 oemdii

1010 2701 1133 2762 ineundis,
1154 2702 1243 2764 quilius
1263 2702 1310 2751 alia
1328 2704 1352 2752 iu
1371 2716 1439 2752 suarii
1460 2708 1605 2766 potestanm
1623 2708 1788 2773 redigeret,tt

1008 2795 1093 2838 cineta
1105 2789 1149 2837 line
1162 2790 1241 2839 hieme
1252 2794 1353 2840 octavus
1365 2790 1420 2841 lielli
1432 2806 1510 2842 annus
1519 2792 1658 2845 finiebatur.

1039 2888 1134 2935 Cxt'tt.
1152 2889 1251 2937 lnennte
1260 2891 1340 2936 autem
1350 2890 1473 2950 sequentis
1481 2891 1574 2938 aestatis
1581 2892 1787 2945 rereloccdaeinn

1008 2963 1040 3010 nii
1057 2968 1082 3011 et
1099 2963 1256 3012 Athenienses
1268 2965 1349 3013 statim
1361 2978 1453 3014 annuas
1467 2966 1576 3017 inducias
1588 2969 1713 3031 iecerunt,
1728 2972 1788 3023 site

1007 3040 1103 3089 aienses
1114 3040 1226 3102 quidem,
1236 3040 1301 3102 qiiod
1311 3041 1489 3104 existimarent,
1500 3045 1626 3095 Brasidam
1638 3047 1730 3097 nullam
1740 3060 1786 3112 pra

1008 3121 1072 3165 terea
1082 3130 1181 3165 suoriini
1191 3117 1310 3166 sociorum
1321 3118 1444 3167 ciuitatem
1453 3119 1482 3168 ad
1495 3119 1657 3173 delectionem
1666 3124 1789 3175 iacienda

1007 3194 1110 3257 amplius
1127 3195 1300 3257 iiiipiilsnrnm,
1318 3195 1458 3258 prinsquam
1470 3196 1500 3245 ad
1516 3197 1608 3247 bellum
1621 3213 1648 3249 se
1663 3214 1709 3264 per
1722 3202 1790 3251 otinn

1007 3278 1197 3336 comparassent,
1210 3274 1281 3322 sirirul
1293 3275 1378 3334 etiam,
1388 3275 1408 3323 si
1422 3289 1460 3324 res
1471 3276 1516 3324 sibi
1529 3277 1633 3328 feliciter
1644 3280 1789 3339 succederet,

1008 3351 1790 3417 scconpositionemdiutumiorenitaetirros;Lacedaemoniireru,

1007 3428 1070 3490 ipuoit
1081 3433 1192 3490 putarent
1204 3428 1362 3478 Athenienses
1373 3442 1402 3477 ea
1414 3434 1533 3490 metuere,
1545 3445 1602 3494 quae
1611 3446 1700 3496 reapse
1710 3440 1790 3485 metae

1007 3507 1077 3565 bant,
1089 3505 1192 3568 (tritoque
1204 3506 1322 3554 uialiirum
1335 3520 1363 3555 ae
1375 3507 1524 3556 insimilatum
1538 3504 1746 3573 laxamento,'ubi
1757 3526 1791 3575 pa·

1007 3600 1059 3634 cerri
1075 3586 1167 3647 experti
1184 3589 1278 3645 essent,
1296 3585 1386 3648 majore
1404 3586 1522 3635 desiderio
1538 3591 1636 3648 paratos
1653 3588 1705 3641 lore
1722 3591 1792 3641 red'ue

1007 3679 1090 3714 seeum
1107 3665 1241 3725 ingratiam
1257 3671 1281 3713 et
1293 3665 1411 3714 restitutis
1423 3665 1468 3713 sitii
1481 3665 1539 3713 viris
1556 3679 1641 3728 parem
1656 3670 1695 3719 rel
1706 3669 1792 3719 diutur-

1007 3743 1098 3791 niorem
1108 3741 1192 3790 licere.
1226 3743 1260 3803 (2)
1272 3742 1343 3792 eires
1352 3743 1416 3792 euim
1426 3756 1483 3791 suis
1493 3743 1588 3805 plurimi
1597 3744 1721 3796 faciehant
1729 3759 1792 3796 recti·

1007 3832 1102 3881 iterare,
1119 3816 1215 3879 qriaiido
1234 3817 1345 3866 drasidas
1363 3817 1442 3866 adliue
1461 3832 1511 3867 rein
1531 3819 1630 3870 tetii-iter
1647 3824 1793 3884 gererent

1007 3897 1026 3944 si
1035 3896 1087 3958 ipse
1096 3896 1199 3955 maiores
1208 3908 1348 3956 progressus
1356 3895 1460 3956 iecisset,
1468 3900 1492 3944 et
1502 3910 1541 3944 res
1549 3903 1681 3961 requiesset,
1689 3900 1793 3951 isurun

1007 3971 1136 4035 putabant,
1151 3975 1177 4019 ut
1187 3971 1224 4020 liis
1234 3970 1331 4033 quidem
1344 3972 1501 4033 privarentur,
1519 3987 1575 4021 euin
1587 3974 1636 4025 iltis
1653 3988 1712 4027 reru
1720 3977 1793 4040 aquis

1008 4048 1099 4096 viribus
1115 4052 1235 4097 certantes
1251 4048 1307 4097 lielli
1324 4049 1442 4097 fortunam
1459 4049 1657 4112 periclitarentur.
1707 4054 1744 4118 (3)
1759 4057 1794 4105 tri·

1007 4127 1084 4174 ‹lirrire
1103 4126 1175 4187 igitur
1188 4126 1249 4175 inter
1266 4126 1331 4188 ipsos
1348 4126 1502 4189 ipsorumque
1516 4128 1594 4177 socios
1612 4128 1794 4181 faemininis

1007 4208 1059 4256 liae
1070 4207 1151 4256 rerba.

1038 4286 1146 4334 cxviii.
1166 4302 1177 4323 ο
1187 4280 1398 4345 Detemploatqiie
1407 4283 1716 4347 oracuioApollinistthii
1725 4287 1794 4338 nobis

1007 4390 1097 4452 placet,
1110 4393 1137 4437 iit
1148 4387 1190 4450 qui
1202 4387 1272 4448 uelit,
1284 4388 1336 4437 siue
1347 4387 1430 4437 tinirde
1441 4394 1466 4439 et
1480 4389 1531 4440 sirie
1542 4395 1608 4440 metu
1620 4404 1650 4441 ex
1664 4394 1752 4455 patriis
1761 4394 1796 4445 iii·

1007 4491 1098 4540 stitirtis
1108 4504 1137 4540 eo
1146 4493 1235 4538 utatur.
1255 4489 1288 4551 (2)
1297 4489 1484 4540 Laeeduiiioniis
1496 4490 1594 4554 quidem
1602 4491 1655 4542 tiae
1665 4492 1797 4555 puocatis

1007 4591 1079 4640 sociis
1089 4604 1184 4650 eorum,
1196 4591 1237 4653 qiii
1249 4590 1351 4650 aiisuut3
1364 4591 1452 4640 Biantis
1465 4596 1552 4641 reroet
1564 4592 1732 4645 Plioeensibus
1740 4595 1798 4647 liaec

1008 4701 1164 4750 persuasores
1174 4701 1200 4736 se
1207 4687 1338 4749 dieiintpro
1347 4687 1473 4750 facultate,
1489 4688 1688 4740 caduceatoribus
1704 4690 1737 4742 od
1751 4706 1798 4743 ecs

1008 4783 1097 4832 missis.
1130 4784 1163 4845 (3)
1178 4787 1211 4833 De
1224 4784 1324 4846 pecunia
1339 4787 1419 4833 nritcui
1429 4783 1467 4833 dei
1477 4798 1576 4847 operam
1587 4784 1659 4848 dare,
1672 4791 1703 4837 nt
1714 4792 1798 4841 sonim

1007 4880 1196 4942 comperiamus,
1206 4884 1269 4929 reete
1280 4884 1305 4929 et
1314 4879 1378 4940 juste
1388 4880 1471 4942 patriis
1483 4880 1600 4930 institutis
1611 4886 1709 4933 utentes
1717 4888 1744 4935 et
1752 4900 1799 4937 nos

1008 4982 1033 5025 et
1044 4989 1088 5025 ros
1100 4980 1124 5025 et
1138 4990 1167 5025 ex
1180 4977 1233 5026 aliis
1244 4976 1381 5038 quicunque
1392 4976 1523 5038 roliieriut,
1535 4992 1620 5028 omnes
1631 4980 1718 5043 patriis
1729 4982 1797 5033 msti-

1010 5074 1068 5121 tutis
1081 5077 1182 5121 utentes.
1227 5073 1260 5135 (ἰ)
1273 5076 1307 5121 De
1320 5072 1356 5120 liis
1369 5072 1439 5133 igituir
1453 5073 1541 5135 placuit
1553 5075 1746 5129 tiaecdaemoniis
1757 5092 1802 5131 eo-
