3676 5828
180 385 215 436 13
786 358 959 450 sffloLlA.
980 363 1011 441 Ι,
1033 370 1159 425 19—22.

178 491 321 568 τουτέστιν,
332 493 434 574 ίχοντες
445 482 515 554 οῦτοι
525 489 585 561 τοίς
598 489 769 573 συμμάχους,
781 491 965 563 κάκεῖνοιτοθς
1004 517 1043 555 νει
1056 492 1086 556 τδ
1100 493 1197 555 ἀτοπον
1210 496 1263 555 τῶν
1275 493 1427 576 ἀνθρώπων,
1439 493 1519 556 ὀτιοό
1533 493 1612 573 μόνον
1622 492 1659 555 τά
1672 495 1793 573 παλαιά,

180 581 269 651 ἰδίους.
295 617 336 629 -
354 581 507 662 Λιασταῐεν]
534 581 702 661 διανιχθεῑεν,
721 580 883 652 στασιάζοιεν
901 580 966 664 πρδς
1007 580 1076 642 ἀλλά
1088 581 1135 642 καί
1147 580 1181 642 τά
1202 580 1328 666 ἑγγθςτῷ
1350 580 1436 664 χρόνιρ
1455 580 1641 651 άόασανίστως
1659 581 1794 645 ἀκούωσι·

184 669 323 741 ἀλλήλους.
1005 668 1036 729 τὸ
1057 667 1108 751 γάρ
1122 672 1174 729 τῶν
1198 671 1432 751 Πεισιστρατιδῶν,
1447 671 1567 750 ἀρχαῖον.
1581 705 1624 716 -
1641 673 1704 732 Οὔκ
1716 673 1796 752 ὀρθῶς

219 760 298 820 xlx.
323 754 451 838 Ἔχοντες
472 755 577 838 φόρους]
601 754 632 816 τδ
652 754 723 830 ἑξῆς,
749 754 852 837 ἑχοντες
873 755 966 839 φόρους
1007 756 1116 837 οἴονται]
1129 757 1271 817 αἰνίττεται
1289 757 1333 817 τδν
1349 757 1497 839 Ἡρόδοτον.
1509 793 1551 806 -
1569 757 1644 827 Τοός
1656 782 1688 818 τι
1707 763 1795 822 Λακε·

155 848 233 927 υαόχ
255 847 402 919 ὑποτελεῖς,
425 842 485 913 τοῦς
512 843 665 924 ξυμμάχους
688 848 809 924 ἡγοῦντο.
833 880 874 891 -
897 843 966 912 Τοὺς
1008 844 1148 924 δαιμονίων
1170 844 1304 926 βασιλέας]
1324 844 1639 928 οὲγίιρΛακιδαιμονίων
1654 845 1702 908 δόο
1720 852 1818 928 βασι-ε

182 933 337 1014 ξυμμάχους
350 934 471 1012 ἡγοῦντο]
483 932 653 1006 ἀντίπτωσις,
667 932 724 992 ἀντί
737 939 782 992 τοῦ
795 935 848 991 τῶν
862 930 966 1011 ξυμμά-
1007 935 1060 1002 λεῖς
1073 934 1174 1016 ψήφους
1185 933 1275 1014 ἔφερον
1285 937 1351 1014 ἐντῆ
1362 934 1485 1017 γερουσίᾳ
1495 934 1616 1016 ἑκάτερος
1630 933 1695 1010 ἑνα,
1708 935 1797 1009 διττήν

181 1024 278 1103 χωπβ
303 1020 444 1100 Ἡγοῦντο]
459 1022 553 1079 αιἰτῶν.
566 1041 611 1066 -·
617 1022 684 1081 Κατ’
697 1019 863 1101 ὀλιγαρχίαν]
874 1022 899 1079 οἰ
912 1023 967 1081 Λα·
1008 1020 1103 1103 ἔχοντα
1112 1021 1231 1102 δύναμιν.
1244 1057 1285 1068 -
1298 1022 1377 1084 ’Λλλδι
1391 1023 1471 1102 δυεῖν]
1485 1025 1532 1082 οὐκ
1544 1025 1627 1104 ὀρθῶς
1642 1022 1746 1084 οὲονται
1761 1024 1796 1103 με]

182 1108 343 1188 κεδαιμόνιοι
358 1109 406 1187 μὲν
420 1108 575 1190 ὀλιγαρχίας
590 1110 690 1187 μᾶλλον
704 1109 731 1169 ἰν
745 1110 799 1177 τοῖς
818 1106 968 1189 συμμάχοις
1009 1117 1058 1191 μιᾷ
1071 1109 1151 1192 ψήφῳ
1167 1108 1352 1192 προστίθεσθαι
1365 1110 1496 1192 ἑκάτερον,
1512 1108 1581 1170 άλλά
1594 1111 1678 1173 δυεῖν.
1691 1112 1798 1174 -Τδν

181 1195 522 1270 καθίστασαν,’Λθηναῑοιδί
533 1195 779 1277 δημοκρατίας,καί
787 1195 879 1279 φόρους
888 1195 969 1265 ἰξέλε·
1009 1196 1162 1271 Πιτανάτην
1180 1197 1270 1278 λόχον]
1294 1198 1347 1258 ἀπδ
1364 1197 1481 1272 Πιτάνης
1499 1198 1632 1277 κώμηςβ
1659 1198 1799 1282 Ἡρόδοτος

144 1296 170 1337 ¹⁰
182 1310 286 1366 γον.-
295 1283 389 1367 Σφίσιν
400 1285 520 1352 αὐτοῖς...
530 1283 727 1366 θεραπεύοντες]
737 1281 806 1352 ἀπως
817 1285 904 1352 αὐτοῖς
914 1292 969 1352 τοῖς
1010 1284 1049 1363 [ο,
1060 1286 1099 1365 ιο]
1116 1289 1256 1367 μαρτυρεῖ,
1268 1284 1308 1345 δτι
1323 1277 1356 1360 ήν
1370 1290 1384 1345 θ
1405 1284 1558 1360 Πιτανάτης
1568 1284 1664 1366 λόχος,
1677 1287 1797 1350 Πιτανά-
1808 1302 1828 1342 ιε

181 1370 398 1452 Λακεδαιμονίοις
422 1369 574 1444 ἐπιτηδείως
597 1369 644 1430 καί
660 1370 757 1449 ὁμοίοις
787 1369 969 1431 πολιτεύεσθαι
1009 1394 1057 1443 της
1078 1372 1181 1445 κληθείς
1205 1372 1259 1433 άπδ
1290 1373 1423 1453 Πιτάνης,
1447 1371 1539 1451 κώμης
1565 1375 1738 1446 Λακωνικῆς.
1761 1410 1800 1423 ·-

142 1482 147 1496 ¹
182 1460 369 1541 ἀναγκάσωσι,
382 1456 574 1540 θεραπεύοντες·
588 1457 662 1518 αῦτοί
674 1458 793 1532 δηλονότι
803 1461 827 1519 οἱ
837 1459 970 1520 Λακεδαι-
1011 1457 1218 1541 Ἀταλαίπωρος]
1234 1459 1408 1530 ἀνεξέταστος.
1428 1492 1470 1508 ·--
1479 1458 1523 1521 Τά
1535 1459 1641 1540 ἕτοιμα]
1654 1458 1691 1520 τά
1704 1462 1799 1543 ιόχερῆ

183 1543 588 1628 μόνιοι.τδὲξῆς,θεραπεόοντες
596 1545 718 1619 δηλονότι
726 1545 884 1626 συμμάχους
893 1551 970 1606 τοῦτο
1011 1547 1057 1606 καί
1071 1547 1258 1608 ἀναπόδεικτα.

183 1632 543 1716 μόνον,θιτωςπολιτεόσωαιν
552 1633 705 1707 ἐπιτηδείως
712 1633 799 1717 σφίσιν
810 1637 905 1702 αὐτοῖς·
915 1658 971 1695 του·
1092 1638 1171 1698 XXI.
1192 1634 1339 1697 Ἔκδὲτῶν
1349 1630 1546 1718 εἰρημένων]τδ
1555 1634 1707 1717 όπιρῦατδν
1718 1635 1798 1710 οῦτοι,

146 1743 171 1784 ιο
183 1722 255 1786 τέατι
262 1726 321 1784 κατ’
331 1720 496 1803 ὀλιγαρχίαν.
507 1720 758 1801 βῆέπιμελοόμενοι
770 1725 793 1781 οἰ
803 1720 972 1800 Λακεδαιμό-
1012 1721 1046 1781 τά
1058 1721 1105 1801 μέν
1119 1713 1164 1784 οῦν
1177 1723 1297 1802 παλαιά,
1312 1729 1420 1783 τοιαῦτα
1437 1714 1519 1804 εόρον.
1536 1713 1592 1782 είτα
1607 1721 1680 1802 μετά
1696 1723 1732 1784 τά
1748 1737 1828 1784 τοῦ

182 1814 399 1890 νιοιθμοιωθῆναι
412 1811 428 1843 '⁶
440 1807 499 1876 τοῦς
509 1808 663 1890 ξυμμάχους
675 1812 762 1877 αὐτοῖς
773 1819 827 1877 τοῖς
837 1811 972 1871 Λακεδαι-
1014 1810 1177 1892 ραδείγματα
1192 1810 1300 1892 ὕστερον
1318 1810 1383 1893 πρὸς
1398 1817 1474 1871 τοῦτο
1496 1811 1642 1870 ἀποδίδωσι
1659 1810 1704 1886 τδ,
1724 1814 1757 1872 ἐκ
1773 1811 1799 1872 δέ

184 1897 282 1978 μυνίοις
299 1896 342 1959 διά
358 1896 406 1970 τὴν
421 1895 574 1976 ξυμμαχίαν
590 1896 660 1956 κατά
683 1897 731 1970 τήν
745 1897 909 1978 ὀλιγαρχίαν.
931 1932 972 1943 -
1013 1901 1065 1958 τῶν
1082 1898 1238 1980 εἰρημένων,
1251 1933 1292 1945 -
1303 1895 1481 1983 Λογογράφοι]
1498 1898 1642 1958 αἰνίττεται
1658 1898 1705 1959 τδν
1722 1898 1799 1981 Ἡρό-

183 1985 402 2069 Παραλαόόντες]
410 1989 520 2063 ἡγοῦντο
530 1984 859 2058 δηλονότι.-ΠλὴνΧίων
867 1984 913 2045 καί
920 1989 970 2046 Λε-
1014 1987 1097 2048 δοτον.
1111 2022 1152 2032 -
1165 1986 1205 2047 Τδ
1217 1985 1462 2068 προσαγωγότερον]
1476 1985 1506 2045 τὸ
1519 1984 1657 2066 ῆδότερον,
1671 1985 1686 2046 δ
1700 1987 1800 2068 προσά-

93 2077 97 2084 ’
184 2074 278 2154 σόίων]
301 2078 337 2143 ῶς
360 2075 475 2134 δυνατῶν
501 2072 591 2132 ὀντων·
620 2072 726 2155 ὕστερον
752 2073 779 2133 δὲ
802 2073 848 2132 καί
866 2072 972 2140 τούτους
1013 2096 1062 2150 γει.
1082 2108 1123 2120 --
1144 2072 1338 2153 Ἀνεξέλεγκτα]
1357 2075 1405 2133 οθκ
1422 2075 1544 2154 ἐλέγχους
1570 2073 1628 2132 οὐδὲ
1659 2075 1801 2144 ἀποδείξεις

143 2187 171 2228 ου
184 2162 366 2244 ἰχειρῶσαντο.
377 2196 419 2208 -
434 2159 551 2239 Πείξων]
567 2163 663 2220 ἐκτῶν
683 2160 769 2242 φόρων
786 2159 914 2234 δηλονότι.
931 2196 972 2206 -
1014 2159 1124 2241 έχοντα,
1137 2160 1195 2221 οὐδὲ
1206 2164 1291 2234 ἀληθῆ
1304 2161 1376 2223 ὄντα.
1386 2197 1427 2207 -
1436 2163 1491 2223 Καὶ
1502 2160 1536 2221 τά
1545 2159 1633 2221 πολλά
1643 2163 1696 2222 ῦπδ
1705 2162 1798 2245 χρόνοι
1809 2180 1830 2220 οι

183 2248 221 2311 Ἡ
240 2253 306 2317 ῶς...
322 2249 452 2328 ἤνθησαν]
468 2248 499 2307 τὸ
516 2244 618 2320 έξῆς,ῆ
636 2251 671 2315 ῶς
689 2246 805 2321 ῆνθησάν
823 2271 887 2307 ποτε
904 2247 972 2327 μετδι
1014 2249 1112 2328 αὐτῶν]
1124 2247 1154 2307 τὸ
1168 2247 1241 2324 ἑξῆς,
1255 2247 1388 2308 τάπολλόι
1404 2251 1499 2309 αὐτῶν.
1512 2284 1553 2294 ——
1573 2239 1666 2328 Πίναι]
1681 2251 1742 2309 ἀντὶ
1757 2255 1800 2310 τοῦ

183 2343 230 2411 τῆς
241 2340 398 2419 ἀκραιφνοῦς
410 2330 574 2414 ξυμμαχίας,
587 2333 630 2393 ὅτε
644 2324 714 2415 εἶχον
731 2334 838 2406 άόλοιόῆ
852 2334 900 2407 τήν
918 2337 972 2394 τῶν
1013 2334 1086 2396 ὀντα.
1099 2369 1141 2381 -
1153 2333 1354 2416 ’Λπυχρόιντως]
1375 2340 1392 2408 ή
1412 2335 1524 2418 περιοχή
1544 2342 1590 2395 τοῦ
1607 2336 1698 2417 λόγου·
1721 2336 1800 2412 afim,

184 2426 290 2486 πάντων
302 2422 469 2504 συμμαχίαν,
481 2422 524 2482 ἐπὶ
536 2425 588 2481 τῶν
598 2424 737 2494 Μηδικῶν.
746 2458 784 2469 -
794 2422 972 2505 Ἀκραιφνοῦς]
1014 2422 1092 2503 φησί,
1108 2424 1211 2490 διῆλθον
1223 2422 1305 2497 αιίτθι,
1324 2427 1358 2491 ῶς
1371 2422 1467 2503 πρέπει
1479 2423 1523 2482 τδν
1538 2421 1643 2483 παλαιά
1658 2423 1801 2503 διηγοόμε·

186 2514 296 2585 δυνατῆς
306 2512 353 2572 καί
366 2508 519 2591 ὁλοκλήρου.
1013 2533 1056 2569 νον
1071 2509 1217 2591 πράγματα
1232 2509 1380 2591 ἀρκούντως
1389 2514 1480 2570 εἰπεῖν.
1494 2545 1535 2556 -
1550 2530 1573 2573 ο.
1589 2511 1646 2572 Καὶ
1660 2514 1675 2569 δ
1687 2511 1801 2590 πόλεμος

145 2621 172 2662 a
225 2602 289 2661 XX.
312 2595 426 2660 Χαλεπά
441 2596 536 2657 ὀντα...
553 2595 821 2676 πιστεῦσαι]·,αλεπά
833 2596 884 2678 γάρ
897 2597 972 2671 εἰσιν,
1014 2590 1099 2678 οὗτος]
1113 2597 1241 2658 λείπειτὸ
1254 2597 1338 2657 τοίνυν
1351 2599 1414 2677 [τῶν
1428 2597 1674 2679 Πελοποννησίων]
1688 2599 1719 2657 τὸ
1734 2598 1832 2674 ἑξῆς,π

185 2686 213 2756 θξ
226 2679 264 2748 ῶν
277 2678 347 2760 εἰπε,
359 2689 516 2761 πιστεῦσαι,
531 2681 571 2743 ότι
587 2682 691 2763 μεγάλα
705 2621 748 2756 ήν
759 2719 800 2731 -—
810 2683 867 2753 Τδις
881 2684 972 2765 ἀκοάς]
1014 2686 1062 2746 καί
1072 2690 1086 2745 θ
1097 2686 1212 2766 πόλεμος
1221 2677 1294 2753 οὗτος
1302 2695 1355 2754 τοῖς
1365 2686 1410 2745 ἀπ’
1419 2690 1505 2746 αὐτῶν
1519 2689 1571 2746 τῶν
1579 2684 1663 2767 ἔργων
1676 2692 1802 2748 σκοποῦσι

185 2774 233 2844 τάς
247 2773 400 2857 ἀκροάσεις,
414 2770 461 2839 τδις
474 2770 574 2853 φήμας.
587 2805 628 2817 -
643 2769 852 2852 Ἇόασανίστως]
868 2776 886 2844 ἡ
905 2770 973 2840 λέξις
1016 2773 1145 2848 δηλώσει,
1161 2773 1201 2833 ότι
1215 2773 1310 2852 μείζων
1336 2774 1393 2833 έστί
1407 2774 1579 2853 γεγενημένας
1598 2776 1653 2833 τῶν
1675 2775 1801 2856 ἀρχαίων·

186 2860 372 2941 μετενήνεκται
395 2857 448 2918 άπθ
475 2862 522 2930 τῆς
542 2857 657 2938 βασάνου
674 2863 721 2932 τῆς
742 2857 831 2930 λίθου,
853 2857 910 2931 ήτις
928 2857 973 2918 τὸν
1015 2867 1092 2922 τοῦτο
1101 2861 1155 2943 γάρ
1170 2860 1226 2921 ἔστι
1242 2861 1272 2921 εδ
1286 2863 1411 2939 αἰτῶνβ
1430 2859 1514 2932 ήτῶν
1529 2861 1672 2934 Ἀθηναίων
1685 2863 1733 2922 καί
1746 2865 1802 2923 Πε·

185 2948 283 3030 χρυοθν
301 2946 446 3025 δοκιμάζει.
464 2980 505 2992 --
528 2967 550 3006 τ.
572 2945 713 3019 Ἀθηναίων
730 2947 805 3026 γοῦν]
824 2949 912 3015 δεινῶς
929 2949 974 3007 ἰν·
1015 2949 1203 3023 λοποννηαέων·
1226 2948 1355 3024 τουτέστι,
1379 2948 1475 3029 μείζων
1496 2954 1545 3022 τῆς
1562 2949 1700 3029 δυνάμεως
1717 2953 1802 3011 αὐτῶν

146 3041 270 3100 αοταῦθα
299 3033 438 3118 προέταξεν
464 3031 614 3105 Ἀθηναίους
633 3031 693 3102 τοῦς
718 3034 858 3102 δοκοῦντας
880 3032 975 3116 σαφοῦς
1016 3036 1128 3117 ἐγένετο.
1812 3053 1834 3094 π

186 3122 315 3191 Ἑλλάδος
329 3114 412 3199 εἶναι,
427 3120 467 3180 ὅτι
481 3119 540 3181 οὐδὲ
554 3112 625 3180 οῦτοι
638 3120 810 3200 δοκιμάζουσι
823 3119 857 3181 τά
870 3120 974 3181 ἰδια.-
1055 3127 1145 3187 XXII.
1166 3122 1241 3187 Ὅσα
1257 3123 1304 3202 μέν
1314 3122 1385 3205 λόγῳ
1399 3113 1485 3208 εἶπον]
1496 3124 1742 3204 προκατασκευάζει
1757 3123 1803 3191 ςάς

184 3210 337 3293 Ἵππαρχον
350 3209 460 3287 οἴονται]
471 3208 502 3268 τό
515 3207 588 3281 ἑξῆς,
598 3204 751 3289 Ἵππαρχον
762 3207 886 3291 τύραννον
900 3209 972 3271 ὄντα.
1016 3212 1235 3294 δημηγορίας-
1246 3211 1369 3273 Χαλεπδν
1382 3211 1431 3284 τῆν
1444 3206 1629 3294 ἀκρίόιιαν...]
1643 3211 1763 3291 χαλεπόν
1771 3203 1802 3284 ῆν

186 3336 227 3346 -
249 3298 434 3382 Πρεσόότατος
451 3296 500 3376 ῶν]
521 3296 552 3356 τὸ
570 3295 642 3370 ἑξῆς,
662 3294 842 3378 πρεσόότατος
861 3295 898 3356 ῶν
920 3301 972 3357 τῶν
1016 3300 1109 3380 ἀμοίτε
1119 3300 1308 3383 αθτῷ,φησίν,
1317 3290 1355 3358 ῶν
1363 3299 1534 3373 ήκουσα,καί
1545 3300 1598 3367 τοῖς
1609 3298 1804 3378 ἀπαγγέλλουσί

188 3389 423 3468 Πεισιστρατιδῶν,
438 3377 522 3465 ήρχε,
534 3387 586 3444 τῶν
601 3384 743 3458 Ἀθηναίων
758 3384 886 3458 δηλονότι.
901 3384 932 3444 τό
947 3386 974 3445 δὲ
1017 3413 1079 3467 μοι,
1091 3387 1139 3461 τήν
1148 3387 1284 3470 ἀκρίβειαν
1300 3390 1352 3447 τῶν
1367 3385 1510 3468 λεχθέντων
1521 3387 1758 3465 διαμνημονεῦσαι·
1770 3391 1803 3454 ἑις

148 3503 174 3544 ας
187 3475 265 3536 υἱέων
277 3474 331 3535 ἀπδ
341 3480 387 3534 τοῦ
401 3471 479 3540 υἰειίς.
496 3507 538 3519 -
548 3463 648 3553 Ἡρχε]
662 3471 802 3553 ἐτυράννει
812 3507 853 3519 -
863 3472 976 3556 Ἵππαρ-
1017 3477 1121 3538 ἐδόκουν
1131 3476 1217 3536 τοίνυν
1238 3475 1296 3554 έμοί
1307 3474 1342 3535 τά
1356 3474 1446 3535 δέοντα
1461 3475 1551 3549 εἰπεῖν,
1565 3473 1687 3556 ἐχομένῳ
1700 3497 1747 3554 μοι
1759 3480 1803 3546 τῆς
1813 3494 1834 3534 ει

186 3586 233 3643 χος
244 3562 272 3623 δέ
285 3561 331 3623 καί
345 3559 494 3640 Θεσσαλός]
505 3566 589 3620 ταῦτα
602 3560 672 3640 λέγει
684 3563 698 3619 ὁ
711 3559 875 3642 συγγραφεὺς
885 3565 920 3629 ῶς
930 3562 976 3621 καί
1017 3566 1078 3639 ὅλης
1089 3564 1196 3646 γνώμης
1214 3562 1346 3644 ἀγγότατα
1359 3566 1411 3623 τῶν
1431 3565 1534 3635 ἀληθῶς
1553 3561 1712 3642 λεχθέντων,
1725 3561 1803 3631 οῦτιις

188 3651 266 3718 αὐτὸς
275 3648 312 3709 ῶν
325 3654 370 3709 τοῦ
386 3647 474 3727 γένους
487 3651 539 3708 τῶν
554 3648 847 3729 Πεισιστρατιδῶν,καί
864 3648 975 3710 διαόάλ·
1018 3653 1128 3734 εἰρηται·
1143 3649 1285 3725 τουτέστιν,
1298 3655 1334 3718 ῶς
1352 3649 1426 3719 ἔδοξα
1445 3650 1472 3709 δὲ
1489 3648 1530 3709 ότι
1546 3641 1618 3709 εἷπον
1638 3648 1671 3708 ἂν
1686 3651 1802 3722 ἀληθῶς,

188 3740 229 3799 λιι
242 3736 301 3805 τοῦς
312 3736 374 3818 περὶ
387 3735 531 3817 Ἁρμόδιον.
546 3771 588 3782 -
601 3735 845 3816 Ὑποτοπήσαντες]
859 3737 976 3811 θπονοή-
1017 3740 1098 3808 οῦτως
1109 3738 1221 3820 εἴρηκα,
1235 3738 1312 3798 εἰκαί
1326 3736 1364 3816 μή
1380 3736 1447 3797 αῦτθ
1461 3739 1547 3797 ἐκεῖνα
1561 3735 1596 3796 τά
1610 3737 1739 3817 λεχθέντα
1760 3736 1803 3820 βή·

190 3847 297 3902 σαντες,
311 3822 494 3891 ῦπολαόόντες.
508 3823 539 3883 τδ
551 3821 624 3897 ἑξῆς,
636 3822 850 3894 ὑποτοπήσαντες
863 3825 908 3884 καί
919 3849 976 3884 πα·
1019 3824 1265 3907 ματα.’ἑπιιηδείως
1278 3823 1327 3898 τήν
1342 3824 1447 3905 άγνοιαν
1465 3824 1670 3908 προφασίζεται,
1679 3825 1725 3885 ἵνα
1737 3825 1802 3907 χρή-

150 3934 176 3974 εο
191 3917 318 3994 ραχρῆμο
329 3916 505 3990 μεμηνῦσθαι·
519 3909 560 3970 ὅτι
571 3910 629 3989 ἅμα
642 3910 833 3972 ἰόουλιόσαντο
841 3913 886 3972 καί
900 3914 977 3993 ἰγνόι·
1019 3921 1156 3991 σηταιτοῖς
1167 3915 1269 3984 οἰκείοις
1278 3915 1468 3994 ἐνθυμήμασιν.
1477 3936 1547 3976 -ο.
1555 3916 1619 3978 Οὐδ’
1629 3919 1666 3985 ῶς
1675 3917 1735 3992 ἐμοὶ
1745 3915 1801 3976 ὀδό·
1812 3927 1835 3968 ⁴⁰

190 4005 298 4074 ῦθησαν·
313 4034 354 4047 -
364 3998 471 4079 Ἔκῑίθῃ
484 4001 518 4080 τῇ
530 3997 631 4080 ἡμέρᾳ]
644 4001 671 4059 ἔν
682 3991 701 4079 ᾗ
712 3998 832 4072 δηλονότι
843 3999 977 4062 συνέθεντο
1018 4009 1070 4086 κει]
1081 4003 1171 4077 ἐπειδή
1185 4003 1354 4086 φιλαθήναιος
1369 4006 1452 4077 δοκεῖ,
1466 4009 1542 4064 τοῦτο
1560 4002 1641 4083 λέγει.
1652 4038 1697 4050 -
1712 3996 1762 4072 Οἷς
1775 4027 1802 4064 τε

191 4091 294 4149 ἀνελεῖν
307 4087 352 4149 τόν
366 4086 500 4168 τύραννον.
512 4121 553 4132 -
566 4089 615 4170 Τῷ
629 4086 771 4169 Ἱππάρχῳ
782 4087 976 4170 περιτυχόντες]
1019 4092 1096 4161 αθτός
1111 4092 1213 4173 παρῆν]
1228 4090 1383 4171 ἐστρατήγει
1396 4089 1448 4172 γάρ
1462 4090 1507 4150 καί
1515 4089 1592 4158 αὐτός
1601 4089 1652 4158 ἕως
1662 4095 1710 4163 τῆς
1717 4090 1803 4173 τετάρ-

191 4176 205 4238 θ
218 4178 305 4258 λέγει,
319 4175 398 4237 τοῦτό
411 4178 492 4250 έστιν,
506 4174 547 4236 ὀτι
561 4173 668 4244 Ἱππίας
685 4178 785 4255 μᾶλλον
798 4168 865 4259 ήρχε
879 4201 977 4260 τυραν-
1018 4205 1065 4253 της
1075 4180 1198 4262 ἱστορίας.
1213 4181 1256 4256 βῆ
1268 4178 1385 4251 διάνοια,
1396 4177 1497 4250 ἠξίωσα
1508 4183 1555 4249 τῆς
1563 4181 1666 4259 γραφῆς
1677 4177 1712 4237 τά
1725 4178 1802 4260 ἔργα,

191 4269 259 4340 νῶν,
272 4268 323 4346 οὐχ
338 4262 500 4344 Ἵππαρχος.
514 4262 623 4345 ἀδελφός
636 4265 659 4324 δ’
670 4255 702 4337 ήν
717 4262 824 4325 Ἱππίου
835 4263 977 4348 θἽππαρ-
1019 4259 1056 4336 οἷς
1074 4267 1149 4336 αῦτδς
1167 4271 1265 4348 παρῆν.
1286 4299 1327 4312 -·
1337 4265 1512 4344 Ἐπεξελθῶν]
1527 4269 1647 4346 ἐρευνῶν.
1657 4301 1702 4312 -
1713 4287 1735 4327 ³.
1751 4267 1803 4327 Πῦ-

152 4384 179 4422 ςς
191 4377 248 4434 χας.
264 4352 377 4435 ἀνῃρέθη
396 4350 511 4433 δὲπαρά
529 4351 665 4433 Ἁρμοδίου
679 4353 725 4412 καί
746 4352 976 4435 Ἀριστογείτονος,
1019 4354 1088 4424 νοίας
1102 4352 1119 4426 ῆ
1135 4353 1252 4434 μνήμης]
1266 4354 1379 4424 εὐνοίας,
1393 4352 1437 4411 ἐπὶ
1450 4350 1676 4431 Λακεδαιμονίων·
1689 4352 1835 4432 μνήμηςυο

80 4477 82 4481 >
192 4444 243 4522 οθχ
264 4446 300 4511 ῶς
321 4444 346 4501 οἰ
370 4441 500 4514 Ἀθηναῖοι
522 4438 619 4521 ᾤοντο,
641 4438 765 4522 τόραννος
787 4439 836 4521 ῶν,
861 4442 919 4502 ἀλλ’
942 4446 978 4510 ὡς
1020 4444 1064 4503 έπί
1078 4442 1235 4515 Ἀθηναίων.
1248 4439 1392 4520 -Ἐχοι]
1401 4439 1458 4498 άντλ
1470 4446 1515 4499 τοῦ
1529 4430 1609 4520 εἶχεν.
1624 4460 1698 4500 -ε,
1712 4438 1803 4518 Τδμῆ

193 4523 267 4598 οῦτός
278 4553 367 4612 φησιν,
381 4528 455 4589 αῦτοί
477 4530 577 4605 μᾶλλον
596 4529 846 4608 έπιόουλευσάμενοι
869 4530 978 4612 Ἱππίᾳ,
1021 4534 1136 4611 μυθῶδες
1149 4531 1247 4609 αὐτῶν]
1255 4529 1336 4587 πάλιν
1347 4528 1411 4609 πρὸς
1422 4526 1563 4610 Ἡρόδοτον
1575 4525 1752 4611 [αἰνίττεται]
1765 4561 1805 4574 -

193 4618 239 4678 καί
249 4617 417 4698 γνωσθέντες,
430 4616 487 4677 έπεί
497 4607 571 4697 εῦρον
582 4621 672 4675 τοῦτον
682 4615 727 4676 τόν
735 4614 887 4699 Ἵππαρχον
900 4620 979 4678 άδελ-
1021 4620 1127 4697 Αὐτῶν]
1140 4623 1192 4678 τῶν
1206 4617 1359 4697 λεχθέντων.
1381 4615 1431 4697 ἀρα
1445 4614 1472 4674 δὲ
1484 4660 1492 4688 ,
1505 4619 1562 4682 πῶς
1583 4613 1712 4696 πρότερον
1725 4615 1805 4675 εἰπελν

193 4705 241 4787 φδν
254 4707 317 4766 όντσ
333 4711 378 4767 τοῦ
393 4704 499 4768 Ἱππίου
512 4705 574 4785 περὶ
591 4703 621 4764 τδ
640 4705 796 4788 Λεωκόριον,
813 4705 977 4767 ἀπέκτειναν.
1020 4707 1138 4788 περὶτῶν
1153 4711 1179 4766 ἰν
1196 4709 1234 4787 τῷ
1245 4702 1444 4784 πολέμῳλόγων
1457 4702 1503 4762 καί
1517 4702 1804 4782 έργων,ἐνταῦθαλέγιι

155 4831 182 4870 w
194 4828 235 4841 -
254 4793 364 4875 Περίτδ
384 4792 544 4874 Λεωκόριον]
555 4791 666 4870 ἑλίμωξέ
679 4797 777 4864 πατεὴ
799 4793 920 4872 Ἀττική,
933 4794 979 4853 καί
1021 4795 1081 4876 περὶ
1091 4799 1138 4866 τῆς
1148 4793 1264 4872 ἱστορίας
1276 4793 1322 4852 καί
1337 4790 1471 4872 ὠφελείας.
1482 4823 1523 4836 -
1539 4793 1599 4851 Τῶν
1611 4813 1641 4849 τι
1658 4791 1805 4870 γενομένων

194 4880 268 4949 λόσις
277 4873 310 4953 ῆν
325 4885 378 4941 τῶν
389 4882 489 4950 δεινῶν,
501 4881 603 4940 παίδων
618 4880 716 4962 σφαγή.
732 4880 807 4949 Λείας
820 4873 863 4941 οόν
877 4905 915 4948 τις
933 4881 980 4948 τδις
1021 4883 1051 4943 τδ
1066 4881 1157 4965 σαφές]
1173 4881 1203 4940 τδ
1217 4880 1274 4952 ἑξῆς
1287 4880 1332 4939 καί
1347 4884 1363 4951 ἡ
1378 4878 1493 4950 διάνοια,
1506 4877 1652 4958 ἀρκοῦντως
1668 4875 1734 4952 ἕξει,
1749 4878 1805 4952 ήτοι

195 4971 289 5028 ἑαυτοῦ
303 4966 382 5050 κόρας
396 4967 551 5042 ἐπιδέδωκε,
565 4968 611 5027 καί
625 4966 761 5038 ἀπήλλαξε
774 4974 820 5028 τοῦ
834 4970 911 5046 λιμοῦ
932 4967 980 5041 τήν
1023 4969 1136 5050 ἀρκέσει,
1154 4977 1241 5050 κρῖναι
1257 4966 1337 5040 αότθ,
1351 4965 1385 5026 τά
1402 4965 1574 5045 γεγραμμένα
1588 4964 1725 5038 δηλονότι,
1738 4965 1805 5049 ὀφί-

196 5051 283 5115 πόλιν.
296 5054 342 5114 καί
352 5053 452 5115 τούτων
474 5054 544 5137 ἑερόν
557 5055 659 5134 έγὲνετο
673 5057 700 5114 ἑν
714 5060 748 5137 τῆ
762 5055 880 5136 Ἀττικῇ,
893 5055 982 5115 τθκα-
1022 5059 1090 5135 λιμα
1112 5047 1196 5134 εἰναι,
1213 5056 1272 5128 ήτοι
1298 5053 1418 5137 ῶφόλιμα
1444 5062 1533 5126 πᾶσιν,
1556 5051 1612 5112 ὅσοι
1634 5051 1805 5131 βουλήσονται

196 5139 322 5219 λοόμινον
341 5142 499 5224 Λεωκόριον.
516 5179 557 5191 -
573 5165 595 5205 ο.
609 5142 673 5206 Ἔτι
684 5143 731 5204 καί
741 5150 786 5205 νῦν
798 5144 872 5226 δντα]
884 5143 982 5205 ὀπιτείι
1024 5151 1131 5205 σκοπεῖν
1144 5146 1197 5203 τῶν
1210 5167 1239 5203 τε
1248 5141 1393 5224 γινομένων
1404 5142 1435 5202 τδ
1447 5139 1528 5222 σαφίς
1536 5139 1582 5201 καί
1592 5142 1645 5200 τῶν
1657 5139 1805 5218 μελλόντων
