3676 5828
188 347 225 396 94
784 319 955 380 SOEOLII.
976 322 1013 398 V,
1036 331 1161 383 28-33.

184 453 253 536 Πρός
271 477 342 521 τινας
359 455 410 511 τῶν
430 454 457 510 ἐν
471 450 540 510 τέλει
554 449 634 509 ὄντων
653 449 786 530 Ἀργείων]
800 449 880 529 ἤγουν
899 450 963 531 πρός
984 484 988 529 3
1008 454 1127 530 ᾐτιῶντο.
1141 488 1181 496 -
1192 454 1283 533 Σφῶν]
1298 456 1349 512 τῶν
1369 454 1596 533 Λακεδαιμονίων.
1616 489 1660 499 -
1683 455 1801 536 1²23wa-

184 565 253 625 εινφις
271 541 398 623 ἄρχοντας
413 543 465 598 τῶν
478 537 609 619 Ἀργείων.
622 572 662 582 -
672 540 731 598 Οθκ
743 539 784 596 ἐπ’
798 539 901 617 ἀγαθῶ]
917 540 964 597 οῦκ
985 534 989 635 ]
1007 543 1062 620 νον]
1077 541 1135 599 ἀντὶ
1149 546 1196 599 τοῦ
1210 540 1361 622 ὁρισθέντος.
1377 578 1416 586 -
1431 541 1530 624 Κύριον
1544 533 1629 622 εἶναι]
1645 547 1799 624 κεκυρωμέ-

183 629 226 688 ἐπῖ
251 627 415 710 συμφέροντι.
438 669 478 679 -
501 626 595 708 Ὁρᾷν]
618 625 648 684 τὸ
669 624 741 696 ίξῆς,
761 623 813 706 χρὴ
836 630 908 706 δρᾷν.
924 659 964 670 -
986 638 989 661 '
1008 650 1061 699 νον,
1077 625 1182 706 βέόαισν
1197 619 1271 688 εἶναι.
1283 663 1323 673 -
1336 649 1359 688 ε.
1376 630 1520 711 Κορίνθιοι]
1536 632 1568 689 τδ
1579 631 1658 702 ἑξῆς,
1672 631 1799 714 Κορίνθιοι

184 716 238 778 Καὶ
264 715 440 797 ψηφίσασθαι]
466 714 526 780 τοὺς
550 712 687 793 Ἀργείους.
709 755 748 766 -
770 717 795 773 Τ
796 718 813 793 ἥ
830 713 964 790 ἀλλήλων]
986 668 990 787 ]
1010 712 1037 773 δὲ
1061 713 1206 793 ἀντέλεγον.
1230 749 1271 758 -
1293 714 1464 795 Ξυμμάρων]
1487 719 1575 774 αὐτῶν
1604 717 1739 787 δηλονότι.
1763 753 1799 764 -

156 824 169 863 ε
186 805 288 863 ἀσθενεῖ
310 802 427 875 δηλονότι
450 801 514 879 οὗσῃ
526 847 534 873 ,
549 801 595 859 καὶ
614 799 825 880 κατατριδομένη
849 800 900 859 ὑπὸ
914 805 965 857 τῶν
1010 799 1149 868 Ἐδέξαντο
1159 800 1206 868 τδς
1217 801 1342 881 σπονδάς]
1352 801 1398 869 τάς
1406 802 1470 882 πρὸς
1480 802 1646 874 Ἀθηναίους.
1661 807 1679 881 §
1690 804 1739 872 τδς
1750 809 1796 864 τῶν
1806 827 1818 867 ε

184 890 316 952 ἐναντίων.
332 933 370 944 -
387 889 560 967 Ἐπιμαχεῖν]
575 891 716 968 ἐπιμαχεῖν
726 887 771 946 καλ
785 890 811 946 ἐν
826 892 858 966 τῇ
873 887 964 968 πρώτῃ
1011 887 1150 959 Ἀθηναίων
1165 888 1210 946 καὶ
1225 888 1446 967 Λακεδαιμονίων.
1461 925 1500 935 -
1516 891 1732 972 Παρεκάλεσαν]
1746 893 1798 952 λεί-

184 981 220 1043 Ic.
237 978 286 1057 ει]
308 1013 349 1024 -
368 976 527 1055 Ἀποδεῖξαι]
540 976 620 1055 ἤγουν
639 976 785 1057 γνωρίμους
800 980 967 1045 καταστῆσαι
1010 998 1054 1034 πει
1067 974 1097 1033 τδ
1115 977 1247 1056 παρεῖναι.
1264 1011 1304 1022 -
1318 975 1417 1046 Λύτοδς
1431 977 1517 1056 αὐτοί]
1533 978 1648 1052 αὐτοὺς,
1663 979 1725 1048 τοῦς
1737 980 1797 1058 ξυμ·

184 1049 256 1144 ἤμῖν.
266 1102 306 1111 -
315 1064 524 1143 Αὐτοκράτορος]
537 1062 658 1122 ἀνάθεσιν
668 1067 718 1122 τῶν
727 1062 793 1122 ὅλων
803 1062 967 1156 πραγμάτων
1012 1062 1125 1142 μάγους,
1139 1062 1226 1134 αθτολ,
1240 1066 1264 1122 οί
1280 1063 1418 1146 Κορίνθιοι.
1433 1100 1473 1109 -
1487 1065 1640 1147 Πρότερον]
1655 1067 1737 1145 ἤγουν
1751 1069 1796 1150 πφδ

184 1153 300 1234 ἔγοντας.
316 1185 350 1194 -
362 1151 408 1223 Μῆ
421 1151 485 1232 πρὸς
495 1152 540 1210 τδν
549 1152 633 1228 δῆμον
642 1150 700 1218 τοὺς
712 1151 804 1229 λόγους
819 1151 897 1227 εῖναι]
910 1149 969 1217 τοὺς
1011 1155 1055 1207 τοῦ
1070 1150 1152 1207 ἐλθεῖν
1166 1149 1225 1217 τοὺς
1236 1149 1358 1231 πρίσδεις
1374 1155 1426 1210 τῶν
1440 1152 1676 1230 Λακεδαιμονίων.
1691 1190 1732 1201 -
1743 1157 1795 1216 Ἀν-

146 1262 170 1301 ιο
186 1221 374 1320 σπενδομένους
388 1242 440 1306 τοῖς
455 1239 577 1320 Ἀργείοις
592 1239 629 1316 μῆ
643 1243 681 1319 τῷ
701 1238 776 1319 δῆμιρ
789 1237 968 1317 διαλέγεσθαι,
1011 1234 1115 1314 τέλεγον
1138 1241 1191 1304 τοῖς
1215 1238 1443 1319 Λακεδαιμονίοις]
1463 1240 1494 1299 τδ
1516 1239 1592 1318 ἑξῆς,
1617 1242 1752 1323 Κορίνθιοι
1771 1243 1824 1302 δίεν

185 1330 255 1391 ἀλλά
262 1331 316 1396 τοῖς
330 1328 510 1408 αὐτοκράτορα
524 1326 625 1406 ἔχουσιν
641 1327 736 1407 ἀρχῆν.
751 1363 790 1371 -
802 1330 856 1387 Τοῦ
872 1325 910 1402 μῆ
925 1350 970 1385 κα·
1013 1323 1159 1401 ἀντέλεγον.
1170 1360 1210 1369 -
1220 1324 1289 1385 Οὔτε
1299 1327 1405 1386 Σόλειον
1416 1327 1514 1408 σφίσιν]
1523 1327 1583 1388 ἀντὶ
1593 1334 1643 1388 τοῦ
1655 1332 1751 1392 αὐτῶν.
1760 1365 1796 1378 -

184 1418 354 1499 ταφανεῖς...]
378 1415 421 1473 ίνα
434 1415 471 1492 μῆ
487 1418 642 1496 φωραθῶσιν
662 1415 712 1473 ὑπὸ
732 1418 784 1472 τῶν
801 1416 970 1489 Λακεδαιμο-
1014 1411 1168 1490 Ἀπέλαύον]
1181 1417 1205 1471 οἱ
1221 1413 1359 1494 Κορίνθιοι.
1375 1449 1415 1460 -
1429 1417 1537 1494 Λῦτοῖς]
1552 1417 1608 1483 τοῖς
1623 1417 1669 1476 ἐπί
1683 1418 1794 1501 Θρᾴκης

184 1504 244 1565 νίων
258 1507 282 1565 οἱ
302 1503 452 1580 συνθέμενοι
477 1504 530 1569 τοῖς
550 1501 680 1582 Ἀργείοις.
695 1537 735 1547 -
750 1500 818 1570 Τοὺς
836 1501 873 1579 μὴ
887 1494 970 1578 Ιπείσ.]
1013 1534 1053 1544 -
1067 1499 1144 1559 Μετὰ
1159 1502 1353 1580 Ποτιδαιατῶν]
1367 1501 1561 1582 ἀφισταμένων.
1573 1538 1619 1548 -
1634 1503 1794 1586 Ἀφίεταντο]

185 1592 229 1652 ἐὰν
241 1592 278 1670 μὴ
291 1592 412 1651 πείσωσι.
427 1627 466 1635 -
479 1594 504 1651 Τ
506 1589 548 1657 οὺς
562 1589 599 1667 μὴ
616 1589 701 1670 πείσ.]
716 1590 775 1657 τοὺς
789 1589 938 1670 Κορινθίους
951 1588 969 1661 ἤ
1014 1589 1037 1646 οἱ
1047 1586 1091 1644 ε’πῖ
1102 1610 1148 1657 της
1158 1586 1277 1668 Θράκης.
1291 1622 1331 1633 -
1341 1586 1461 1668 Ἄλλους]
1470 1589 1528 1648 ἀντὶ
1535 1597 1581 1651 τοῦ
1590 1590 1691 1659 ἄλλους
1701 1592 1794 1673 δριως.

146 1697 170 1734 ευ
185 1680 286 1746 ἄλλους.
303 1714 340 1725 -
354 1679 393 1739 Τὸ
405 1678 515 1756 πλῆθος]
533 1682 585 1736 τῶν
600 1678 731 1760 Ἀργείων.
751 1713 791 1723 -
806 1676 969 1758 Πρῡςχνφθ·
1013 1718 1053 1727 -
1064 1703 1085 1743 ³.
1098 1687 1174 1744 Θεῶν
1185 1682 1237 1764 γάρ
1250 1684 1360 1763 πίστεις]
1373 1685 1453 1763 ἤγουν
1464 1688 1529 1744 θεῶν
1541 1684 1637 1766 ὅρκους
1648 1687 1694 1747 ἀπὶ
1704 1689 1794 1750 πίστει
1806 1704 1824 1742 ¹⁵

185 1768 288 1845 σεσθαι]
301 1768 354 1833 τοῖς
368 1765 499 1846 Ἀργείοις.
1013 1805 1053 1813 -
1061 1770 1172 1849 Λθτούς]
1181 1769 1414 1853 τοδςέπίθρφίκης.
1423 1817 1454 1828 -
1462 1774 1605 1854 Είρῆσθαι]
1616 1773 1720 1856 ἐφασαν
1728 1774 1754 1835 δέ
1763 1780 1796 1837 εἰ·

226 1857 358 1917 XXVIII.
381 1854 559 1933 Ἀκούσαντες]
570 1858 621 1913 τῶν
637 1855 787 1934 Κορινθίων.
797 1891 836 1903 --
850 1854 970 1932 Ἀνῆνεγ-
1015 1862 1107 1937 ρῆσθαι
1122 1861 1219 1925 ἐντοῖς
1233 1860 1355 1925 σπονδαῖς
1370 1857 1496 1930 δηλονότι.
1509 1895 1550 1904 -
1561 1880 1583 1919 ε.
1599 1864 1667 1922 Τῶν
1680 1867 1796 1923 παλαιῶν

186 1967 235 2003 καν
248 1942 307 2010 τοὺς
320 1942 424 2023 λόγους]
438 1947 489 2001 τῶν
501 1941 653 2022 Κορινθίων·
665 1973 696 1989 ⁴·
710 1942 761 2010 Ἐς
774 1967 804 2002 τε
819 1942 866 2010 τάς
875 1942 969 2024 ἀρχάς]
1013 1945 1109 2025 ὅρκων]
1122 1949 1173 2003 τῶν
1186 1945 1250 2024 πρὸς
1261 1946 1320 2012 τοὺς
1331 1945 1374 2003 ἐπ]
1385 1945 1503 2027 Θρᾴκης.
1514 1983 1555 1992 -
1565 1969 1589 2008 υ.
1603 1952 1642 2009 Οἱ
1654 1950 1696 2030 δέ]
1711 1955 1795 2012 οίΚο-

186 2032 222 2097 εἰς
232 2028 290 2098 τοὺς
304 2032 332 2087 ἐν
346 2029 423 2088 πόλει.
439 2065 478 2075 -
492 2029 612 2108 Τούτων]
624 2034 675 2088 τῶν
692 2029 834 2103 Ἀθηναίων
849 2031 894 2089 καὶ
909 2035 969 2090 Λα-
1015 2033 1113 2112 ρίνθιοι.
1129 2068 1168 2077 -
1182 2033 1263 2114 Παρὰ
1274 2034 1362 2115 σφίσι]
1382 2042 1435 2101 τοῖς
1450 2033 1603 2115 Κορινθίοις.
1616 2072 1661 2082 -
1670 2040 1795 2120 Προεῖπσν

146 2116 367 2195 ἐθκεδαιμονίων.
396 2157 428 2166 -
452 2139 473 2176 ν.
489 2117 551 2178 Ἐπ’
571 2116 669 2195 ἐξόδου]
695 2118 739 2176 ἐπὶ
761 2116 859 2182 τέλους.
880 2153 920 2162 -
935 2120 969 2177 Λί
1013 2120 1098 2199 ἤκειν]
1112 2120 1320 2200 τοθςἈργείους.
1805 2152 1825 2189 ‚1

187 2204 308 2277 σπονδαί]
334 2208 386 2265 τῶν
410 2204 634 2281 Λακεδαιμονίων.
656 2238 694 2249 -
709 2204 882 2281 Ἡγῆσεσθαι]
907 2209 969 2282 ἠγε·
1053 2211 1157 2269 XXXI,
1181 2208 1308 2287 Ἐκεῖθεν]
1323 2208 1375 2267 ἀπὸ
1388 2212 1434 2280 τῆς
1449 2207 1794 2292 Κορῐυθω,.μἘγρόνπς]

188 2293 261 2370 μόνες
283 2291 397 2352 ἐσεσθαι.
424 2327 463 2338 -
486 2292 540 2352 Τὸν
558 2291 650 2372 χρόνον
669 2297 769 2363 τοῦτον]
790 2292 832 2350 τὸν
851 2298 897 2349 τοῦ
918 2315 969 2351 πο·
1013 2299 1037 2354 οί
1052 2296 1160 2355 Ἠλεῖοι.
1176 2331 1215 2339 -
1228 2296 1374 2374 Ξύμμαχοι
1388 2295 1515 2374 ἐγένοντο]
1533 2299 1558 2354 οί
1573 2296 1679 2357 Ἠλεῖοι
1692 2301 1795 2370 δηλωθ-

185 2381 267 2459 λέμου
279 2380 406 2452 δηλονότι.
427 2413 467 2425 -
485 2379 611 2439 Μάλιστα
629 2379 673 2458 δῆ]
689 2378 914 2460 ὓπερύαλλόντως.
930 2413 970 2426 -
1013 2381 1304 2465 τι.-Διαφερόμενοι]
1315 2381 1411 2463 ἐχθροί.
1424 2403 1495 2442 -ν,
1508 2383 1620 2464 Ἐπὶτῇ
1630 2386 1742 2467 ἡμισείᾳ
1753 2393 1795 2459 τῆς

186 2471 283 2536 Κακῶς
293 2468 417 2545 ἤκουσεν]
435 2466 554 2546 θόρίσθη.
576 2503 616 2511 -
632 2467 686 2527 Καί
702 2465 854 2547 ὑπερώφθη]
871 2466 971 2535 ἐξουδε-
1013 2471 1071 2549 γῆς]
1086 2470 1166 2548 ἤγουν
1179 2470 1223 2528 ἐπὶ
1236 2473 1274 2551 τῷ
1292 2475 1456 2550 καρποῦσθαι
1468 2471 1498 2529 τδ
1519 2471 1604 2548 ἥμισυ
1620 2479 1670 2547 τῆς
1687 2480 1744 2549 γῆς.
1760 2511 1795 2521 -

147 2565 173 2605 25
186 2555 265 2625 νώθη.
278 2590 318 2599 -
333 2553 384 2614 Διά
399 2553 445 2620 τδις
462 2553 604 2634 ξυμφοράς]
620 2551 663 2612 διδι
675 2552 721 2620 τδς
732 2553 925 2633 ταλαιπωρίας,
941 2554 971 2622 ἃς
1014 2579 1035 2617 ³.
1052 2556 1247 2636 Παυσαμένων]
1257 2563 1304 2615 τοῦ
1317 2556 1454 2639 ἀποφέρειν
1466 2558 1595 2629 δηλονότι.
1610 2596 1654 2606 -
1665 2562 1794 2642 Ἐπηνιίγ-
1805 2586 1824 2624 νε

187 2644 283 2703 ἔπαθον
296 2646 320 2701 οί
331 2640 642 2721 Ἕλληνες-Ἀριστα
657 2640 746 2721 ἔσχον]
757 2640 916 2714 διετέθησαν.
932 2678 971 2687 -
1014 2647 1105 2724 καζον]
1128 2643 1266 2727 ἀποφέρειν
1289 2646 1417 2717 δηλονότι,
1442 2680 1483 2691 -
1506 2649 1542 2707 Οί
1561 2647 1596 2725 δ’]
1623 2649 1734 2710 Ἠλεῖοι.
1760 2687 1795 2696 -

187 2733 228 2791 Οὐ
267 2729 437 2810 ξυναράμενοι
467 2735 513 2787 τοῦ
541 2729 655 2788 Ἀττικοῦ
691 2729 827 2808 πολέμου]
867 2729 907 2788 δτι
941 2733 970 2789 οὐ
1014 2733 1234 2813 ’Ππιτραπείσης]
1253 2732 1417 2805 δοθείσης-
1434 2732 1481 2803 Μῆ
1499 2732 1555 2791 ἴσον
1576 2734 1659 2815 ἕξειν]
1681 2739 1738 2797 ἀντὶ
1756 2745 1795 2797 τοῦ

189 2817 403 2896 Ξυνεπολέμηοαν
422 2818 476 2884 τοῖς
496 2815 714 2894 Λακεδαιμονίοις
732 2817 803 2875 κατδ
825 2822 877 2876 τῶν
896 2818 971 2890 Ἀθη·
1015 2817 1052 2897 μῆ
1067 2818 1131 2888 ίξειν
1147 2820 1177 2879 τὸ
1190 2820 1300 2879 δίκαιον.
1313 2854 1354 2864 ·-
1367 2819 1479 2886 Ἀνέντες
1494 2817 1542 2890 τῆν
1565 2822 1726 2904 ἐπιτροπήν]
1745 2825 1795 2883 ἀντὶ

190 2907 277 2967 ναίων.
293 2941 328 2950 -
352 2903 529 2985 Ἀμφοτέροις]
548 2906 600 2970 τοῖς
618 2902 761 2976 Ἀθηναίοις
777 2904 823 2963 καῖ
838 2906 970 2963 Λακεδαι-
1013 2912 1059 2965 τοῦ
1075 2907 1239 2985 παυσάμενοι
1257 2913 1302 2966 τοῦ
1317 2906 1455 2988 ἐπιτρέψαι
1467 2906 1515 2978 τῆν
1535 2907 1613 2978 δίκην
1629 2914 1794 2989 Λακεδαιμο-

149 3011 176 3049 ³0
189 2992 295 3070 μονίοις.
310 3034 349 3044 .-
363 2990 628 3068 Ἒκκαρπωσάμενοι]
647 2988 706 3056 τοὺς
723 2990 839 3069 καρποὺς
860 2991 905 3050 καί
926 2990 972 3058 τὰς
1014 2994 1085 3062 νίοις.
1094 3032 1134 3040 -
1148 2995 1275 3075 Ἐτεμον]
1286 2995 1386 3075 ἐδῄουν.
1396 3030 1436 3039 -
1447 3015 1468 3054 ε.
1479 2995 1565 3056 Οὐδὲν
1576 2989 1677 3078 ἤσσον]
1690 3000 1825 3060 ἀντλτυῖα

188 3077 324 3158 προςόδους
337 3075 461 3143 λαθόντες
473 3075 525 3135 ἀπὸ
537 3081 584 3148 τῆς
597 3081 645 3154 γῆς
662 3077 799 3157 ἀκεραίους
818 3075 878 3149 ,διδ
889 3076 920 3135 τδ
933 3076 971 3154 μῆ
1015 3083 1116 3155 ἐπίσης.
1132 3118 1172 3128 -
1186 3082 1397 3161 Ἐμμεινάντων]
1417 3086 1467 3141 τῶν
1479 3084 1592 3143 Ἠλείων
1614 3086 1746 3156 δηλονότι.
1761 3123 1796 3134 -

187 3168 320 3242 πολεμεῖν.
1016 3174 1058 3251 Τῇ
1072 3171 1212 3251 ἐπιτροπῇ]
1225 3175 1272 3242 τ’ἤς
1283 3171 1355 3243 δίκης
1367 3169 1494 3242 δηλονότι.
1507 3206 1547 3214 -
1559 3192 1581 3229 ε.
1594 3172 1696 3253 Πόλιν]
1708 3175 1738 3235 τδ
1751 3175 1797 3236 Λί-

228 3255 331 3314 XXIX.
360 3253 465 3329 Λῦτοῖς]
491 3255 544 3317 τοῖς
566 3249 696 3330 Ἀργῑίθῑς·
724 3286 763 3295 -
788 3252 893 3330 Αὐτῶν]
920 3255 972 3310 τῶν
1014 3281 1102 3337 πρεον.
1117 3293 1157 3303 -
1171 3259 1262 3339 Σφῶν]
1275 3261 1326 3316 τῶν
1337 3258 1458 3318 Ἠλείων.
1473 3258 1685 3341 -Ξυνθῆνιην]
1704 3261 1797 3340 ξύμθα-

188 3339 351 3402 Μαντινέων.
371 3374 411 3385 -
429 3338 632 3419 Κατέστραπτο]
649 3339 814 3398 ἐδεδούλωτο.
828 3374 867 3384 -
881 3338 970 3410 Ὑπῆ-
1016 3367 1065 3404 σιν.
1081 3380 1121 3398 -n-
1136 3345 1190 3404 Καί
1208 3344 1329 3424 ἐξελθεῖν]
1347 3350 1391 3402 τοῦ
1406 3343 1531 3422 πολέμου.
1546 3379 1587 3390 -
1607 3346 1697 3428 Ἴσον]
1715 3351 1746 3408 τδ
1763 3350 1796 3408 3(-

149 3449 175 3487 νε
189 3436 258 3502 κοον]
273 3433 324 3492 τῶν
336 3426 560 3505 Λακεδαιμονίων.
574 3462 614 3471 -
626 3429 667 3486 Οθ
679 3426 847 3508 περιόψεσθαι
861 3430 971 3507 σφᾶς...]
1015 3455 1098 3490 καιον.
1121 3436 1137 3509 §
1157 3431 1221 3490 διότι
1234 3431 1281 3504 τὴν
1303 3434 1389 3490 αὐτῶν
1409 3432 1484 3489 πόλιν
1503 3422 1575 3511 είχον
1595 3436 1795 3514 Λακεδαιμόνιοι
1806 3459 1826 3496 ε

189 3519 236 3576 οὐκ
254 3515 402 3597 ἐπιτρέψειν
422 3524 474 3581 τοῖς
495 3518 655 3574 Μαντινεῦσι
677 3513 735 3580 τοὺς
753 3514 973 3592 Λακεδαιμονίους
1016 3519 1138 3597 λῆγοντος
1151 3519 1275 3596 πολέμου.
1287 3554 1327 3563 -
1337 3540 1359 3579 ε.
1373 3518 1510 3597 Ἐγένοντο
1521 3519 1549 3580 δέ
1561 3520 1607 3578 καί
1619 3524 1645 3579 οἱ
1659 3524 1795 3604 Κορίνθιοι]

189 3602 278 3685 ἄρχειν
294 3608 345 3663 τῶν
358 3600 607 3683 κατεστραμμένων,
620 3599 665 3660 καὶ
678 3608 762 3659 ταῦτα
775 3601 873 3680 σχυλῆν
890 3602 972 3680 ίιίγον-
1016 3607 1153 3686 σύμμαχοι
1167 3605 1294 3679 δηλονότι.
1317 3641 1358 3651 -
1375 3606 1443 3665 Μετ’
1461 3606 1588 3687 ἐκείνους]
1604 3609 1671 3676 τοὺς
1686 3611 1796 3677 Ἠλείους

189 3715 236 3757 τας
248 3690 306 3756 τοὺς
323 3688 552 3766 Λακεδαιμονίους.
574 3722 615 3733 ·—-
629 3686 735 3767 Σχολῆν
751 3680 826 3766 ἤγον]
843 3693 867 3748 σί
885 3693 971 3750 Λακε-
1017 3693 1143 3765 δηλονότι.
1166 3728 1205 3739 -·-
1222 3693 1263 3754 Τὸ
1285 3693 1349 3752 αθτδ
1369 3692 1498 3772 λέγοντες]
1518 3692 1567 3765 ιῆν
1587 3696 1675 3768 αὐτ-ἤν
1696 3696 1795 3777 γνώμην

190 3776 327 3854 δαιμόνιοι.
341 3810 381 3820 -
391 3772 474 3841 Ὦςτε
493 3775 612 3854 ἄσμενοι]
627 3779 651 3834 οἱ
668 3781 815 3842 Μαντινεῖς.
828 3812 868 3822 -
882 3777 973 3855 Μεγά-
1016 3779 1128 3859 ἔχοντες.

150 3866 251 3943 εολην]
268 3862 387 3943 ἰσχυράν.
409 3898 440 3907 -
468 3861 549 3922 ΠοἈιν
570 3886 599 3921 τε
625 3863 755 3942 μεγάλην]
776 3862 806 3921 τὸ
829 3861 974 3944 Ἀργος.-
1056 3870 1170 3928 XXXII.
1184 3866 1464 3947 Ἐκπολιορκῆσαντες]
1478 3865 1557 3944 ἤγουν
1569 3867 1674 3939 ἑλόντες
1688 3871 1790 3930 κεῖδον
1805 3895 1824 3933 ιε

191 3952 331 4033 Διάφορον]
345 3949 507 4029 μαχομένην.
520 3985 560 3994 -
574 3951 840 4031 Δημοκρατουμένην]
855 3954 974 4028 εὐνομσυ·
1016 3952 1145 4020 λύσαντες
1159 3956 1189 4012 ἐκ
1207 3955 1366 4034 πολιορκίας.
1384 3987 1425 3996 —-
1446 3953 1610 4033 Χρῆσαντσε]
1627 3957 1661 4015 τὸ
1678 3958 1795 4036 κατάγειν

192 4039 280 4117 μένην.
305 4073 345 4083 —
371 4057 392 4095 ο.
421 4038 517 4115 Τοῦτο]
538 4036 617 4114 ἤγουν
636 4037 666 4095 τὸ
686 4040 834 4117 προςελθεῖν
847 4038 973 4118 τοῖςἈρ-
1017 4039 1135 4111 δηλονότι
1146 4040 1266 4110 Δηλίους.
1277 4060 1340 4099 -ν.
1351 4037 1482 4119 ’Πρίαντα
1492 4042 1630 4121 πολεμεῖν]
1639 4044 1707 4122 πρὸς
1715 4045 1795 4116 ἀλλό-

192 4128 278 4206 γείοις.
293 4159 333 4172 -
346 4126 520 4203 Νομίσαντες]
532 4128 556 4184 οἱ
571 4125 785 4196 Πελοποννήσιοι.
800 4161 841 4170 -
852 4128 971 4199 Είδότας]
1016 4130 1075 4193 λους
1087 4127 1213 4198 δηλονότι.
1222 4146 1290 4186 -ε,
1301 4126 1382 4204 Μάγα,
1390 4125 1467 4207 μέρος
1476 4123 1516 4208 όν]
1526 4131 1572 4198 τῆς
1585 4132 1793 4204 Πελοποννήσου,

192 4214 250 4283 τοὺς
261 4213 407 4280 Μαντινέας
415 4211 523 4278 εἰδότας.
540 4246 574 4259 ·-
584 4212 631 4273 Ἐν
645 4220 702 4278 ταῖς
712 4213 834 4278 σπονδαῖς
846 4216 903 4278 ταῖς
917 4213 975 4271 Ἀτ-
1017 4250 1056 4259 -
1071 4215 1250 4296 Πρυςγίνοιτο]
1265 4214 1444 4294 προςκτηθείη.
1463 4249 1502 4259 -
1521 4234 1543 4274 ε.
1557 4216 1645 4277 Οὐδὲν
1666 4219 1709 4292 ἀν]
1721 4221 1795 4297 ἤγουν

152 4334 180 4372 ςς
192 4301 288 4379 τικαῖς]
308 4300 365 4361 ἀντί
379 4306 424 4360 τοῦ
438 4300 481 4359 ἐπὶ
498 4299 558 4373 τοὺς
572 4299 710 4368 Ἀττικούς.
726 4335 766 4344 -
782 4321 803 4360 ³.
817 4298 873 4372 Τῆν
890 4302 975 4359 Πελο-
1017 4306 1063 4361 οὐκ
1073 4302 1114 4364 άν.
1126 4338 1167 4347 -
1176 4302 1390 4379 Ἐναντιωθῆναι]
1404 4301 1515 4360 ἐναντίοι
1525 4301 1657 4381 γενέσθαι.
1669 4306 1793 4367 -Ἀνεῖ
1805 4328 1825 4365 υ

193 4389 322 4460 πόννησον
348 4386 499 4470 διεθορύῦει]
522 4386 565 4445 διδ
591 4387 678 4460 πάσης
702 4392 748 4458 τῆς
774 4386 974 4458 Πελοποννήσου
1017 4412 1066 4447 σαν
1076 4395 1123 4460 τῆς
1134 4387 1302 4470 φιλονεικίας]
1314 4388 1466 4459 ἀπέστησαν
1478 4394 1524 4460 τῆς
1535 4389 1634 4469 μάχης.
1650 4415 1724 4454 -ε,
1741 4395 1795 4455 'ffl-

195 4477 302 4559 θόρυῦον
320 4476 440 4547 καθίστη.
457 4510 498 4520 -
512 4477 586 4535 Πῦσι
599 4476 651 4542 τοῖς
664 4475 821 4554 ξυμμάχοις]
835 4475 913 4553 ἤγουν
928 4473 973 4533 σὺν
1017 4476 1113 4555 θόντες]
1133 4480 1156 4534 σί
1176 4475 1316 4557 Κορίνθιοι.
1342 4479 1523 4556 -Ποιῆσαι]
1543 4477 1679 4540 λείπειτὸ
1701 4481 1793 4553 ἠξίουν.

196 4575 285 4625 πᾶσιν.
299 4598 336 4610 -·
350 4584 371 4622 ε.
394 4566 428 4623 Οί
438 4562 540 4642 πολλοί]
551 4565 603 4621 τῶν
616 4563 841 4634 Πελοποννησίων.
1017 4598 1057 4607 -
1070 4585 1091 4623 7.
1111 4561 1259 4630 Ἀξιούντων
1273 4561 1319 4620 καλ
1335 4562 1495 4639 αἰτιωμένων
1515 4564 1673 4645 Κορινθίων]
1688 4570 1795 4647 ᾐτιῶντο

235 4654 325 4712 ΧΧΚ.
348 4649 565 4731 Προκεταλαύεὶν
574 4649 605 4708 τθ
617 4650 724 4728 μέλλον]
735 4650 831 4730 φθάσαι
840 4649 900 4731 πρὶν
911 4648 974 4726 μέλ·
1018 4653 1041 4710 οἱ
1055 4650 1185 4729 Κορίνθιοι
1198 4649 1314 4719 δηλονότι
1325 4649 1383 4716 τοὺς
1396 4649 1535 4720 Βοιωτοὺς,
1548 4647 1588 4708 ότι
1603 4651 1739 4712 συνέθεντο
1750 4655 1795 4711 αθ·

157 4761 183 4799 νο
196 4742 250 4798 λειν
263 4739 321 4806 τοὺς
336 4738 485 4818 Κορινθίους
497 4739 654 4818 προςχωρεῖν
667 4742 719 4804 τοῖς
734 4738 864 4817 Ἀργείοις.
876 4773 916 4782 -
929 4739 976 4822 ’ῌ-
1017 4740 1070 4804 τοῖς
1082 4739 1200 4794 ἀπειπεῖν
1213 4736 1259 4802 τὰς
1274 4735 1338 4816 πρὸς
1351 4736 1499 4807 Ἀθηναίους
1511 4738 1633 4803 σπονδάς.
1802 4758 1823 4798 εν

196 4827 332 4905 τιῶντο...]
344 4825 481 4884 ἐνεκάλουν
494 4824 534 4883 ότι
545 4823 669 4902 ἡγεμόνες
680 4817 748 4897 ἤσαν
761 4832 806 4884 τοῦ
819 4825 915 4892 παντὸς
926 4850 975 4884 κα·
1057 4826 1193 4884 XXXIII.
1215 4823 1477 4902 Ἐπικαλεσαμένων]
1494 4827 1545 4882 τῶν
1564 4825 1739 4904 Παρρασίων.
1758 4861 1794 4874 -

197 4919 258 4986 κοῦ,
278 4912 310 4983 δῆ
335 4917 381 4984 τῆς
404 4910 582 4977 ἀποστάσεως.
597 4947 637 4955 -
661 4911 719 4983 Τῆν
737 4935 765 4970 τε
788 4911 919 4991 ἐςῆγησιν]
944 4911 975 4970 τθ
996 4929 1000 5034 γ
1018 4912 1103 4992 Σφῦς]
1116 4910 1174 4978 τοὺς
1192 4911 1421 4987 Λακεδαιμονίους.
1439 4947 1480 4957 -
1493 4910 1583 4983 Λθτοί]
1599 4916 1623 4970 οἱ
1641 4915 1791 4981 Μαντινεῖς.

198 5001 383 5078 εἰςηγῆσασθαι
398 4999 515 5069 δηλονότι
530 5003 713 5079 προςρωρῆσαι
725 5004 776 5065 τοῖς
787 4998 907 5078 Ἀργείοις
918 4999 975 5066 τοὺς
1018 5033 1057 5043 -—
1071 4998 1150 5059 Λύτοὶ
1165 4995 1314 5079 ἐφρούρουν]
1327 5000 1351 5056 οἱ
1364 4998 1523 5079 Παρράσιον
1538 4998 1596 5069 ἤτοι
1609 4999 1670 5066 τοὺς
1685 5004 1793 5082 Παρρα-

198 5090 341 5157 Ἐλληνας
355 5122 395 5132 —-
415 5090 469 5156 Τοῦ
486 5086 592 5167 παντός]
610 5087 703 5147 δεινοῦ.
720 5123 760 5132 -
779 5087 833 5148 Καὶ
847 5089 881 5165 εἰ]
896 5088 974 5167 ἤγουν
996 5116 999 5144 ι
1019 5086 1101 5160 σίους,
1122 5085 1147 5145 οἳ
1162 5078 1229 5157 ἤσαν
1242 5088 1268 5144 έν
1284 5086 1407 5166 Κυψέλῳ.
1423 5116 1457 5132 -·
1479 5085 1606 5164 Κείμενον
1624 5088 1668 5145 ἐπὶ
1689 5095 1722 5162 τῇ
1736 5093 1791 5162 Ex]
