3676 5828
190 331 226 383 το
656 310 658 315 ’
815 308 982 369 scflom.
1004 307 1061 384 111,
1084 313 1246 366 ενι-ιον.

189 457 275 524 καλῶς
289 458 449 522 διοικοῦντες.
463 489 503 498 -
517 448 718 527 Ἐξηγούμενοι]
734 447 865 529 ἄρχοντες.
881 483 921 496 -
934 450 970 507 01
1054 448 1127 509 XCV
1129 447 1177 507 111.
1193 443 1282 526 Μέχρι
1292 441 1339 521 μίν
1349 432 1394 502 οῦν
1404 446 1427 502 οί
1436 438 1540 510 τοξόται
1552 449 1599 526 ...]
1611 447 1696 527 μέχρι
1706 439 1803 525 μὶνςδ,

188 545 337 627 πρόςοικοι]
353 545 376 602 οί
396 542 529 603 Θεσσαλοί
543 540 589 599 καί
603 538 716 598 Οἰταῖοι.
1014 535 1100 600 αὐτοῖς
1111 523 1182 613 εἰχον
1194 536 1218 591 οἰ
1227 531 1329 600 τοξόται
1342 529 1419 611 βέλη,
1430 531 1488 590 άντί
1496 537 1543 590 τοῦ
1553 536 1579 592 ot
1589 533 1699 603 τοξόται
1709 537 1801 600 αὐτῶν,

228 632 330 693 XCIV.
352 627 434 689 Ὃν...
449 625 616 705 κατείχοντο]
631 623 658 682 θν
673 620 838 701 κατείχοντο,
857 622 903 681 καί
916 621 971 680 διέ-
1013 620 1110 699 ἰδίωμα
1126 621 1153 680 δὲ
1169 620 1292 681 ’Ἀττικῶν
1307 623 1323 691 ἡ
1343 619 1450 692 τοιαύτη
1466 619 1597 688 σύνταξις.
1613 657 1656 667 -
1666 622 1747 703 Οἵδε]
1762 617 1802 684 εθ-

190 717 287 801 τριύον,
307 713 399 796 χρόνον
412 717 438 773 ἐν
451 719 485 794 τῇ
499 714 595 792 Μήλῳ.
608 746 648 755 -
664 732 686 771 α.
700 709 795 790 Σφίσι]
811 718 863 776 τοῖς
874 709 971 789 Ἀκαρ-
1013 732 1066 781 τοι,
1081 710 1104 767 οἱ
1117 708 1253 779 Ἀθηναῖοι.
1267 742 1307 751 -
1318 705 1524 786 Ἀνεστέλλοντο]
1538 710 1732 789 ἀνεκρούοντο,
1745 715 1801 772 dva-

119 822 126 838 ·
164 814 249 864 ονᾶσι
263 801 388 876 δηλονότι.
406 835 445 846 -
458 821 480 860 ε.
494 798 546 860 Διὰ
559 799 672 877 πολλοῦ]
690 797 866 874 διαστήματος
884 798 973 870 δηλον·
1012 794 1124 876 χώρουν.
1144 831 1184 840 -
1202 794 1293 874 Αὖτοί]
1311 797 1361 874 οὐχ
1382 797 1406 852 οἱ
1425 795 1542 869 τοξόται,
1557 797 1622 855 ἀλλ’
1640 801 1666 857 οἱ
1685 801 1821 862 balium

189 893 239 952 ότι.
253 925 295 937 -
309 890 405 968 Ψιλῇ]
424 886 522 967 κούφη,
538 883 729 964 ἀντηλλαγμένη
745 883 858 964 σιδήρου.
873 919 914 930 -
930 887 970 945 Ού
1012 919 1053 929 -
1066 887 1114 965 Τῷ
1128 886 1199 965 αὐτῷ
1210 882 1280 964 πόνῳ
1293 882 1467 962 ξυνεχόμενοι]
1479 884 1537 942 ἀντί
1546 890 1596 944 τοῦ
1611 885 1752 954 διώκοντες
1759 890 1800 947 καί

190 976 308 1060 χαλεπὸν
322 974 481 1055 ἀπέφαινον]
494 972 646 1055 ἀπέφαινον,
657 972 736 1052 φησί,
753 971 845 1053 ῥηιδίως
859 970 972 1048 δυνάμε-
1013 974 1214 1050 ὑποχωροῦντες.
1229 1006 1269 1015 -
1283 991 1305 1032 ε.
1322 969 1400 1030 Κατὰ
1411 970 1504 1050 πόδας]
1518 971 1577 1030 ἇντί
1597 978 1646 1031 τοῦ
1657 974 1797 1053 συντόμως

191 1090 233 1125 νον
254 1067 485 1145 καταστραφῇναι,
507 1060 569 1141 πρὶν
589 1061 712 1132 ἀλλήλοις
730 1059 903 1131 ἐπιύοηθῇσαι
924 1060 970 1118 καί
1012 1094 1052 1103 -
1068 1059 1279 1141 Ἔςφερομένους]
1296 1057 1481 1135 εἰςδυομένους,
1496 1061 1709 1139 κρυπτομένους.
1724 1099 1763 1115 -ψ
1776 1085 1797 1125 ε,

191 1154 320 1213 συνελθεῖν
342 1149 429 1215 πάσας
453 1147 499 1215 τὰς
521 1146 617 1213 πολεις.
636 1181 676 1191 -
696 1168 718 1207 5.
737 1144 825 1228 Ὅπερ
848 1146 969 1224 μέγιστον
1012 1150 1138 1208 Τοσοῦτοι
1151 1145 1210 1225 μέν]
1224 1150 1237 1205 6
1249 1146 1297 1223 μέν
1307 1146 1364 1204 ἀντί
1374 1153 1417 1205 τοῦ
1427 1145 1469 1218 δή.
1480 1167 1554 1208 -ο,
1567 1150 1798 1232 Τοῖςπεπρςγμί.

154 1255 177 1294 ιο
192 1239 285 1320 μέρος]
301 1241 325 1296 οἱ
341 1239 496 1316 Εὔρυτθνες.
512 1268 552 1279 --
570 1233 771 1312 Ἀγνωστότατοι
785 1232 812 1292 δὲ
830 1234 969 1311 γλῶσσαν]
1011 1236 1073 1313 νοις]
1089 1235 1201 1306 λείπειή
1217 1233 1269 1294 ἐπί.
1810 1256 1830 1295 τε

191 1329 239 1386 οὐκ
259 1325 361 1405 ἔχοντες
386 1321 433 1394 τὴν
465 1321 598 1380 διάλεκτον
626 1319 731 1380 εὔκολον
754 1326 911 1400 γνωσθῇναι.
929 1355 970 1366 -
1051 1324 1148 1384 xcix.
1170 1321 1361 1402 Ἐνάποθάσει
1380 1320 1409 1380 τέ
1422 1322 1484 1400 τινι]
1501 1322 1595 1400 ήγουν,
1616 1325 1644 1382 έν
1657 1325 1735 1407 τόπῳ
1752 1327 1798 1386 τινὶ

193 1412 415 1495 Προςχωρήσειν]
429 1410 483 1476 τοῖς
497 1409 636 1480 Ἀθηναίοις
651 1408 775 1480 δηλονότι.
1013 1409 1167 1477 ἀπούάντες.
1181 1443 1221 1452 -
1235 1408 1406 1491 Περιπόλιον]
1421 1411 1450 1466 οὗ
1463 1408 1562 1489 χωρίου
1582 1408 1672 1487 ὄνομα
1688 1414 1721 1471 τὸ
1731 1436 1798 1494 πφς.

231 1501 317 1561 XCV.
340 1498 373 1559 ‘0
388 1496 416 1555 δὲ
430 1504 468 1568 ...]
480 1494 576 1568 τθέξῇς
587 1493 675 1560 οὕτως·
688 1499 701 1552 6
715 1493 758 1571 δὲ,
769 1493 892 1567 πεισθεὶς,
907 1494 971 1576 ἄρας
1012 1496 1116 1571 πόλιον,
1139 1495 1208 1555 ἀλλὰ
1230 1494 1351 1577 φρουρίου
1371 1496 1450 1569 τινὸς,
1471 1499 1497 1554 έν
1514 1486 1537 1576 ᾧ
1556 1497 1704 1577 περίπολοι
1722 1523 1799 1582 φρυν-

192 1587 245 1647 άπίι
255 1592 301 1658 τῇς
310 1584 454 1656 Λευκάδος,
463 1582 637 1663 παρέπλευσε.
647 1580 680 1639 τὰ
687 1581 737 1661 γὰρ
749 1582 815 1640 οἰλλα
826 1581 868 1640 διὰ
879 1580 969 1659 μέσον.
1014 1590 1108 1666 ροῦσιν.
1129 1582 1219 1644 -Ὃ
1242 1576 1274 1655 ήν
1295 1584 1338 1641 ἐπί
1354 1587 1392 1664 τῷ
1405 1582 1499 1656 ’Ἀληκι
1513 1587 1644 1666 ποταμῷ]
1661 1592 1678 1659 ἡ
1693 1589 1739 1647 ἐπί
1748 1589 1799 1648 ἀντί

154 1698 179 1739 ιο
192 1679 305 1741 -Τοῖς
317 1671 485 1755 ἠπειρώταις]
498 1669 544 1729 σὺν
562 1669 648 1747 μόνοις
662 1669 780 1740 δηλονότι
792 1671 844 1736 τοῖς
855 1669 970 1747 ήπειράι·
1012 1677 1058 1743 τῇς
1068 1672 1151 1753 παρά.
1811 1690 1830 1728 τε

192 1786 248 1830 ταις
262 1760 411 1840 συμμάχοις
423 1758 468 1818 καί
482 1757 621 1824 Ἀίτωλοῑς.
636 1791 676 1801 -
690 1757 745 1816 Καί
766 1760 905 1817 Φωκεῦσιν
918 1757 970 1830 ἤδη
1052 1763 1084 1822 C.
1105 1758 1156 1821 Διὰ
1171 1758 1219 1831 τήν
1232 1763 1284 1817 τῶν
1301 1758 1444 1831 Ἀθηναίων
1456 1758 1613 1840 ἐπαγωγήν]
1629 1760 1675 1820 διὰ
1694 1762 1727 1823 τὰ
1745 1767 1799 1823 ἐπι-

192 1849 285 1929 ύμορος
299 1854 316 1920 ἡ
333 1846 446 1908 Βοιωτία
460 1844 541 1923 ἐστίν]
553 1845 609 1902 ἀντὶ
620 1850 679 1916 τοῦ,
694 1844 748 1903 ἀπὸ
761 1843 789 1902 δὲ
799 1843 889 1903 τούτου
903 1847 971 1903 Φω-
1012 1854 1113 1908 χεῖσθαι
1127 1849 1214 1913 αὐτοῖς
1225 1846 1316 1927 πράνην
1327 1845 1387 1913 τοὺς
1398 1846 1554 1917 Ἀθηναίους.

193 1942 281 1995 καῦσιν
292 1934 408 2016 όμοροςή
421 1931 533 1993 Βοιωτία
546 1929 759 2010 ἐστίν-Ἄρας
769 1923 824 2009 οθν]
834 1935 847 1988 6
856 1922 899 1988 οῦν
910 1931 971 1990 σύν·
1052 1936 1098 1996 Cl.
1121 1930 1356 2013 Ἐπεκηρυκεύετο]
1373 1935 1406 1992 δι’
1427 1932 1614 2013 ἐπικηρυκείας
1636 1936 1747 2013 ἐμήνυε.
1765 1974 1800 1984 -

193 2025 287 2100 δεσμος
300 2020 418 2102 περιττός
430 2022 495 2078 ἔστι·
505 2018 568 2098 πρὸς
579 2016 630 2099 γὰρ
643 2017 673 2076 τὰ
685 2018 738 2075 εἰνω
749 2017 827 2089 ἐστὶν,
842 2021 856 2075 6
867 2017 909 2090 δὲ,
918 2022 969 2077 τῶν
1012 2042 1035 2084 α.
1047 2022 1101 2083 Τθν
1115 2020 1222 2080 ἐπιόντα
1234 2020 1357 2099 στρατόν]
1371 2025 1423 2077 τῶν
1438 2021 1670 2098 Λακεδαιμονίων.

154 2131 180 2170 νο
194 2109 348 2181 Μεσσηνίων
357 2108 446 2189 χάριτι
458 2106 584 2178 πεισθεὶς,
595 2105 668 2186 άρας.
681 2106 738 2164 ἀλλ’
749 2106 805 2165 έπεί
814 2104 857 2163 διὰ
869 2111 971 2186 μακροῦ
1052 2111 1114 2170 CII.
1135 2129 1155 2167 ε.
1170 2106 1227 2179 Τὴν
1242 2108 1303 2185 γῆν]
1316 2105 1363 2178 τήν
1380 2107 1552 2167 Ναυπακτίαν
1570 2109 1708 2180 δηλονότι.
1725 2148 1765 2157 -
1782 2134 1800 2176 ε,
1810 2139 1832 2178 η

193 2195 374 2266 ἀνταπίδωκε,
394 2195 437 2254 διὰ
462 2200 538 2253 τοῦτο
557 2193 600 2251 τὰν
621 2193 763 2271 σύνδεσμον
778 2192 934 2272 παρέλαθεν.
955 2197 971 2271 §
1014 2195 1224 2278 Προαισθόμενος
1234 2196 1336 2275 τ.στρ.]
1349 2192 1565 2263 αίσθησινλαῦὼν
1577 2200 1627 2253 τοῦ
1639 2204 1802 2281 στρατοῦίρ-

192 2281 300 2350 Ἀλλως.
312 2288 325 2341 6
338 2274 382 2342 οῦν
400 2281 555 2359 ούνδεσμος,
570 2283 592 2339 εἰ
606 2280 651 2338 καί
665 2280 830 2362 περιττθςτῷ
843 2281 972 2363 Ἀντύλλῳ
1012 2283 1134 2364 χομένου.
1153 2318 1194 2329 -
1212 2281 1301 2343 Πείθει
1318 2282 1477 2362 Ἀκαρνᾶνας
1494 2284 1622 2361 χαλεπῶς
1640 2287 1689 2365 ...]
1704 2286 1800 2348 ἔπεισιν

194 2371 276 2443 δοκεῖ,
296 2368 347 2447 ἐγὼ
362 2369 431 2427 πάνυ
452 2367 599 2446 ἀναγκαίως
615 2366 684 2445 λέγω
700 2373 864 2447 προςκεῖσθαι
885 2369 971 2427 αὐτόν·
1015 2370 1107 2437 αὐτοὺς
1119 2372 1255 2450 δυςχερῶς.
1265 2371 1392 2450 δυςχερῶς
1402 2367 1445 2446 δὲ,
1458 2369 1524 2427 διότι
1532 2372 1581 2428 οὐχ
1594 2372 1708 2447 imma
1721 2379 1802 2444 dm}

194 2455 241 2528 τήν
257 2455 352 2536 βουλήν
373 2453 423 2535 γὰρ
438 2452 518 2512 εἰπὼν
535 2453 650 2532 ἐπήγαγε
668 2452 716 2524 τήν
729 2452 831 2535 πρᾶξιν,
850 2458 885 2521 ὡς
903 2453 935 2513 ἂν
949 2458 972 2514 εἰ
1014 2458 1189 2539 περιτειχίσαι
1199 2456 1247 2528 τήν
1261 2457 1394 2516 Λευκάδα.
1409 2491 1448 2500 -
1460 2475 1483 2517 ι.
1498 2459 1565 2516 Μετ’
1580 2461 1677 2539 αὐτοῦ]
1693 2468 1740 2521 τοῦ
1750 2468 1799 2536 Aq-

154 2560 180 2602 ιο
195 2543 290 2622 ἔλεγεν,
300 2545 391 2601 οὐκοῦν
404 2541 552 2618 ἐνθυμηθείς
562 2539 688 2621 ἔπραττεν
698 2539 761 2622 ὅπερ
771 2541 923 2618 ἐνεθυμήθη.
935 2575 973 2588 -
1016 2525 1161 2624 μοσθένάυς,
1173 2579 1213 2589 -
1224 2543 1313 2605 Δεινὸν
1327 2541 1378 2623 γὰρ
1392 2534 1425 2615 ἦν
1437 2543 1481 2620 ,..]
1498 2542 1554 2609 δέος
1563 2543 1618 2626 γὰρ
1631 2537 1676 2620 ἧς,
1690 2549 1800 2625 μήπως,
1810 2568 1829 2606 ⁸

194 2653 215 2690 α.
229 2629 364 2696 Κοινύισας
374 2627 401 2686 δί
411 2627 459 2698 τὴν
469 2628 594 2699 ἐπίνοιαν]
605 2631 640 2694 εἰς
649 2628 736 2698 κοινὴν
745 2626 851 2706 γνώμην
860 2629 974 2710 προςθείς
1015 2640 1060 2693 τοῦ
1071 2634 1172 2712 τείχους
1186 2631 1301 2711 μεγάλου
1311 2630 1394 2703 ὄντος,
1404 2629 1449 2688 καί
1460 2629 1493 2688 τὰ
1507 2630 1574 2703 έξῇς.
1585 2667 1628 2677 -
1638 2654 1662 2696 ς,
1677 2637 1752 2710 Πρὸς
1760 2640 1802 2695 αὖ.

194 2717 242 2789 τήν
261 2717 408 2793 ἐνθύμησιν.
427 2750 467 2761 -
495 2713 547 2774 Διὰ
612 2713 659 2786 τήν
680 2715 868 2795 ούπεριτείχ]
893 2714 973 2790 διότι,
1015 2720 1086 2798 τούς]
1098 2720 1161 2800 πρὸς
1175 2717 1234 2786 τοθς
1249 2720 1305 2796 μετ’
1324 2716 1487 2799 Εὐρυλόχου.
1500 2753 1541 2764 -
1556 2719 1639 2780 Μετὰ
1653 2724 1742 2802 σφῶν]
1755 2727 1800 2783 τῶν

195 2805 275 2886 φησί,
297 2803 459 2884 βουλομένων
479 2802 643 2883 Ἀκαρνάνων
664 2804 693 2861 ού
714 2802 913 2883 περιετειχίσθη.
934 2838 974 2849 -
1018 2808 1235 2887 Ἀμπρακιωτῶν,

195 2895 259 2959 Τοῖς
270 2889 417 2961 meam]
430 2896 482 2955 τοῖς
491 2888 597 2969 ἐρέταις.
607 2908 675 2948 -ο
686 2887 853 2965 Ὁμόνκενοι]
864 2894 897 2970 τῇ
908 2892 974 2971 αὐτῇ
1056 2893 1249 2971 01Π.λῡτοῑς]
1265 2893 1351 2958 αὐτοῖς
1365 2890 1482 2963 δηλονότι
1493 2892 1547 2958 τοῖς
1559 2891 1722 2964 Ἀθηναίοις.
1732 2919 1800 2957 -2

159 3001 186 3043 30
196 2984 275 3058 σκευῇ
286 2978 430 3059 χρώμενοι,
444 2978 523 3054 ἤγουν
533 2978 608 3056 ψιλῇ.
1017 2979 1150 3060 Ὑστέροις
1158 2977 1310 3056 Ἀθηναίων]
1322 2978 1400 3054 ἤγουν
1412 2976 1479 3055 μετὰ
1488 2975 1719 3052 τοθςἈθηναίυυς.
1732 3019 1771 3030 -
1779 2998 1828 3045 κα

235 3068 335 3128 XCVI.
357 3064 426 3125 Ὑπὸ
439 3067 491 3120 τῶν
505 3061 598 3141 ταύτῃ]
615 3061 694 3139 ἤγουν
709 3061 761 3121 θπθ
774 3066 825 3122 τῶν
844 3061 974 3122 ἰνοικούν-
1017 3066 1093 3129 Μετὰ
1107 3067 1194 3145 τοῦτο]
1208 3063 1275 3142 μετὰ
1287 3064 1316 3123 τὰ
1330 3069 1469 3145 τραπῆναι.

195 3177 247 3212 των
261 3155 287 3211 ἓν
301 3151 382 3230 ταύτῃ
394 3155 427 3230 τῇ
439 3153 482 3229 Υῇ·
494 3183 533 3195 -
547 3171 569 3210 2·
584 3148 641 3221 Τὴν
653 3147 704 3228 γὰρ
713 3147 820 3226 γνώμην
832 3138 898 3228 alt]
908 3148 974 3227 Υνῶ·
1057 3157 1130 3217 CIV.
1153 3153 1231 3215 Ιίατὰ
1244 3152 1363 3233 χρησμὸν
1384 3151 1416 3223 δή
1435 3152 1504 3229 τινα]
1520 3151 1590 3211 κατὰ
1605 3156 1720 3234 ὁρισμὸν
1738 3181 1800 3239 χρη-

197 3265 260 3319 μην,
275 3239 361 3321 φησίν,
376 3229 455 3318 εἶχεν,
466 3237 673 3317 ἐπαναχωρήσας
683 3238 719 3303 εἰς
728 3234 898 3307 Ναύπακτον,
907 3235 976 3295 οὕτω
1018 3249 1094 3321 σμοῦ,
1105 3277 1146 3287 -
1156 3263 1177 3304 υ,
1191 3241 1293 3319 Θῇκαι]
1303 3239 1389 3320 τάφοι.
1401 3275 1441 3284 -
1453 3240 1642 3322 Πολυκράτης]
1654 3249 1670 3302 ὁ
1680 3246 1799 3326 εὐτυχής,

195 3325 285 3386 λοιπδν
300 3325 344 3384 ἰπί
354 3324 412 3392 τοίις
424 3325 562 3406 ’(ιφιονέας
575 3321 733 3403 στρατεύειν,
745 3325 768 3381 εἰ
786 3320 822 3400 μὴ
843 3322 976 3400 βούλοιντο
1017 3323 1047 3392 οῦ
1069 3330 1199 3407 μέμνηται
1219 3327 1364 3408 Ἡρόδοτος.
1379 3362 1419 3373 -
1433 3326 1535 3387 Ἀλύσει
1555 3329 1698 3417 δήσας...]
1713 3334 1800 3416 ἐξέφυς

157 3432 183 3477 ει
197 3412 352 3474 σπένδεσθαι
363 3413 417 3478 τοῖς
430 3410 581 3483 Ἀθηναίοις.
595 3444 635 3454 -
648 3429 669 3468 ο.
684 3408 900 3488 Ἐπεύουλεύετο]
918 3408 975 3469 ἀντί
1018 3425 1051 3499 τῇ
1066 3417 1156 3476 ἁλύσει
1174 3421 1221 3488 τῆς
1237 3415 1334 3486 Δήλου.
1355 3450 1395 3460 -
1410 3436 1432 3476 ο.
1456 3416 1511 3476 Καὶ
1523 3418 1714 3502 περικτιόνων]
1734 3443 1825 3504 περς,

159 3504 163 3510 ’
196 3507 257 3574 τοῦ,
271 3499 329 3559 κατ’
348 3500 434 3557 αὐτῶν
448 3495 598 3557 ἕθθυδῑῦῑτθ
616 3494 682 3568 αὕτη
698 3500 714 3566 θ
731 3495 823 3572 Ῥώμη
838 3496 883 3554 καί
902 3519 977 3556 ⁶⁰⁹⁸·
1019 3503 1116 3571 κτίονίς
1129 3507 1179 3563 εἰσι
1195 3503 1240 3562 καί
1253 3501 1418 3584 ἀμφικτίονες
1433 3506 1456 3561 οἰ
1470 3509 1671 3584 περιοικοῦντες.
1685 3506 1799 3591 Ὄμηρος

196 3586 314 3648 τάττετο.
325 3620 366 3631 -
378 3589 412 3645 Οί
427 3585 534 3664 ἔσχατοι
546 3583 697 3665 Ὀφιονέων]
710 3586 734 3641 οἱ
745 3585 771 3641 έν
786 3586 896 3664 ἐσχατιᾷ
906 3584 977 3652 όντες
1019 3591 1167 3671 εὐχςίμενον
1176 3590 1298 3656 τὸκαλῶς
1309 3588 1467 3667 οἰκούμενον,
1479 3590 1524 3649 καί
1537 3598 1594 3662 [od.
1609 3605 1643 3667 B,
1657 3603 1708 3666 ⁰61·

197 3678 248 3733 τῶν
263 3673 351 3732 τόπων
362 3675 413 3730 τῶν
428 3670 580 3752 Ὀφιονέιον.

236 3763 353 3823 XCVII.
374 3753 420 3839 Τῷ
439 3759 465 3818 δὲ
479 3758 640 3836 Δημοσθένει
660 3765 700 3830 ...]
718 3763 756 3839 τῷ
777 3756 804 3817 δί
818 3757 977 3834 Δημοσθένει
1081 3739 1346 3873 ζ’]ἰέζέιῇῖχζῗξῖὲηῦν
1358 3736 1502 3800 πῑθῑκῖίθθαί
1513 3739 1664 3805 Μρῶπῡντ,

157 3867 185 3906 ιο
198 3847 294 3908 τοιόνδε
306 3870 332 3905 τι
346 3844 477 3926 παρῄνουν
491 3848 515 3904 οί
532 3845 692 3920 Μεσσήνιοι,
704 3843 768 3902 ἰέναι
780 3844 856 3902 αὐτὸν
868 3845 911 3902 ἐπὶ
925 3843 977 3904 κῶ-

198 3958 250 4014 μην
263 3933 385 4005 ἑκάστην,
398 3932 560 3998 διδάσκοντες
571 3931 647 3990 αὐτὸν
660 3931 700 3989 ὅτι
715 3929 790 4012 ρφδία
801 3931 870 3990 ἐστὶν
880 3934 897 4001 ή
908 3929 978 4011 αἰρε-
1021 3967 1060 3976 -
1074 3931 1229 4009 Ἐθεώρουν]
1243 3934 1290 4002 τῇς
1303 3929 1411 4009 θεωρίας
1424 3930 1469 3988 καί
1484 3929 1657 4012 πανηγύρεως
1672 3941 1823 4016 μετεῖχον.κ

198 4046 237 4090 σις
248 4023 343 4093 αὐτῶν,
357 4019 418 4101 πρίν
430 4023 607 4100 συντραφῇναι
618 4017 773 4083 πάνταςκαὶ
784 4017 839 4095 ἅμα
851 4017 977 4095 γενέσθαι.
1020 4056 1060 4066 -
1070 4020 1117 4087 Ἐς
1129 4019 1292 4100 τὰἘφέσια]
1306 4021 1331 4086 ἐς
1344 4018 1392 4090 τήν
1406 4018 1496 4098 ἑορτήν
1509 4024 1557 4091 τῆς
1570 4021 1703 4103 Ἐφεσίας
1716 4025 1795 4106 Ἄρη’.

197 4146 237 4156 -
251 4110 286 4171 Ἡ
298 4107 408 4190 αἵρεσις]
422 4107 612 4186 ἡκατάσχεσις.
626 4140 664 4151 -
676 4104 884 4184 Ἀντιτιίξωνται]
895 4109 918 4164 οἰ
928 4110 979 4168 Αἰ·
1022 4109 1101 4186 μιδος.
1113 4142 1153 4152 -
1166 4107 1266 4187 Χορούς
1280 4131 1309 4166 τε
1327 4108 1433 4186 οἰνῇγον]
1447 4110 1485 4187 τῷ
1499 4105 1652 4168 Ἀπόλλωνι.
1665 4146 1708 4157 -
1721 4133 1743 4172 ε.
1755 4113 1796 4174 ’Ex

197 4197 277 4257 τωλοί
294 4194 420 4268 δηλονότι.
439 4230 479 4239 -
494 4215 515 4254 ε.
532 4197 574 4272 Τῇ
592 4190 673 4272 τύχῃ]
688 4216 720 4271 τη
740 4195 832 4250 ἑαυτοῦ
847 4194 978 4267 δηλονότι,
1021 4192 1156 4274 προοιμίου
1173 4193 1342 4270 Ἀπολλωνος]
1354 4192 1379 4261 ἐξ
1396 4193 1478 4271 θμνου
1498 4192 1740 4266 ’Momm-1065
1754 4197 1796 4279 γὰρ

158 4298 185 4338 ιό
198 4285 255 4344 ἐπεὶ
268 4281 390 4343 οὐδέποτε
403 4280 549 4354 ἠναντιώθη
565 4284 645 4360 αὐτῷ.
663 4283 755 4358 -Τῇ
773 4277 841 4359 τύχη
859 4280 977 4360 ἐλπίσας]
1022 4279 1116 4357 [ίμνους
1140 4277 1263 4357 προοίμια
1285 4279 1403 4339 ἐκάλουν.
1429 4314 1470 4325 -
1491 4279 1691 4363 Ἠγερέθονται]
1724 4309 1797 4346 m.

198 4370 330 4453 θαρρήσας
347 4378 404 4436 ταῖς
424 4367 511 4426 ἐλπίσι
531 4372 577 4439 τῇς
594 4367 684 4447 τύχης.
705 4401 744 4410 -
763 4365 818 4433 Οθς
838 4368 909 4447 αύτῷ
929 4367 979 4427 ἔδει
1022 4368 1173 4447 θροίζονται.
1203 4400 1242 4410 -
1275 4387 1295 4425 5.
1324 4366 1370 4426 Ἐν
1400 4366 1492 4445 τοῑςδε]
1521 4376 1575 4435 τοῖς
1607 4372 1824 4451 ῥηθησομένου

198 4457 401 4538 προςύοηθῇσαι]
412 4454 438 4525 ἐξ
447 4446 483 4513 ῶν
493 4455 544 4513 ἔδει
557 4455 677 4534 βοήθειαν
688 4453 778 4512 λαθεῖν
789 4452 857 4513 κατὰ
869 4457 979 4536 προςθή-
1021 4488 1061 4497 -
1075 4454 1123 4513 Ἐκ
1140 4459 1184 4511 τοῦ
1199 4454 1278 4512 αὐτοῦ
1289 4452 1438 4534 προοιμίου]
1449 4460 1493 4513 τοῦ
1509 4456 1658 4537 εἰρημένω.
1668 4432 1718 4507 -Ι
1726 4460 1798 4543 Ἀρι]-

199 4569 255 4618 κην.
264 4539 389 4602 -Κατὰ
398 4539 504 4621 κράτος]
514 4540 594 4618 ήγουν
606 4539 672 4618 μετὰ
682 4540 771 4619 ῖοχύος
779 4540 824 4598 καί
834 4538 977 4616 δυνάμεως.
1023 4542 1089 4620 μως]
1102 4539 1216 4620 ἡσύχως,
1227 4543 1288 4620 σιγῇ
1302 4540 1419 4613 πάντως,
1431 4543 1536 4622 α’θρόοις.
1547 4578 1586 4589 —-
1599 4547 1798 4626 Παιπαλοέσςη]
1814 4530 1819 4541 ’

199 4666 239 4677 -
253 4629 415 4710 Ὑπίφευγον
431 4626 482 4708 γὰρ
494 4631 517 4685 οἰ
532 4627 673 4707 άνθρωποι]
685 4626 789 4696 νοητέον
802 4628 831 4686 τὰ
841 4627 980 4687 λανθάνον·
1023 4626 1170 4708 καταξήρῳ.
1190 4662 1230 4672 -
1247 4649 1270 4688 ο.
1285 4627 1509 4708 Ἔτεκμηρίωσεν]
1531 4628 1574 4687 διὰ
1586 4635 1734 4714 τεκμηρίου
1747 4613 1800 4705 266-

161 4746 187 4787 το
199 4744 249 4787 τες.
264 4753 304 4764 -
318 4720 380 4778 Τῶν
396 4715 461 4796 ὑπὲρ
476 4720 523 4786 τῇς
537 4715 649 4793 πόλεως]
662 4718 713 4773 τῶν
732 4714 851 4795 ὑπεράνω
865 4720 912 4786 τῇς
928 4716 980 4775 πό·
1023 4717 1112 4773 λωσεν.
1126 4749 1167 4760 -
1180 4714 1249 4776 Ὑπθ
1263 4714 1410 4796 ξυμφορῶν]
1428 4717 1516 4774 δεινῶν
1534 4715 1753 4795 συμῦεῦηκύτων.
1766 4755 1798 4767 -

199 4807 272 4873 λεως.
288 4839 328 4850 —-
343 4823 365 4864 α.
378 4801 561 4882 Ὑπεχώρουν]
580 4801 624 4859 ἐπὶ
638 4799 705 4859 πόδα
723 4800 844 4880 ἤρχοντο.
860 4833 901 4847 -
916 4801 981 4861 Ἐπί
1023 4802 1092 4880 Πρὶν
1102 4800 1134 4875 δή
1147 4806 1171 4860 οἱ
1184 4803 1312 4874 Ἀθηναῖοι
1368 4803 1451 4885 ]πρίν
1462 4810 1570 4879 ποιῇσαι
1583 4806 1645 4876 τοὺς
1659 4809 1826 4884 Ἀθηναίωςιι

199 4891 279 4971 πολύ]
291 4889 424 4965 διάστημα
434 4894 526 4969 καιροῦ
538 4886 665 4958 δηλονότι.
680 4922 720 4931 -
731 4887 899 4966 Ὑπαγωγαί]
914 4891 982 4947 οἰνα-
1023 4889 1067 4947 τὸν
1079 4892 1177 4966 ἀγῶνα.

200 4979 336 5060 χωρήσεις.
344 5013 384 5022 -
394 4978 442 5037 Ἐν
452 4967 488 5044 οἷς
495 4973 662 5056 ἀμφοτέροις]
670 4973 750 5054 ήγουν
760 4979 793 5054 τῇ
804 4998 832 5033 τε
843 4975 927 5045 διώξει
936 4978 982 5036 καί
1063 4978 1120 5037 CV.
1134 4973 1233 5057 Ὤςπερ
1243 4975 1427 5057 ὑποσχόμενοι]
1436 4979 1492 5037 ἀντὶ
1502 4985 1547 5039 τοῦ
1557 4969 1643 5063 ὥςπερ
1654 4983 1798 5064 ὑπέσχοντο.

202 5064 376 5146 ἀναχωρήσει.
1025 5063 1177 5145 περίφρασις
1188 5067 1202 5122 6
1215 5062 1301 5132 τόπος.
1320 5100 1359 5110 ·-
1373 5085 1394 5125 ι.
1413 5065 1458 5132 Ἐς
1471 5067 1518 5138 τήν
1533 5067 1623 5148 πάλιν]
1643 5069 1691 5142 τήν
1709 5073 1798 5130 ἑαυτῖιι
