3676 5828
598 339 774 449 θὃίῖίΙΟΙλΑ.
797 339 881 412 vul,
904 349 1023 402 85-92.
1601 363 1652 415 m

56 483 94 550 ὥς
107 480 222 556 πλήξων.
238 521 269 536 -
282 503 305 544 ε.
319 474 373 544 Οἷα
387 480 431 560 δῆ]
446 479 575 560 καθάπερ.
589 519 620 531 -
634 479 834 561 Ἐγκραγύντες]
854 494 860 543 ί
879 500 900 540 ε.
914 471 969 543 Ἦν
989 483 1016 543 δέ
1038 490 1083 544 τοῦ
1104 485 1205 564 τείχους
1225 490 1242 557 ἤ
1255 485 1359 566 γνώμη]
1372 488 1451 568 ἤγουν
1466 494 1481 550 ὀ
1500 493 1596 562 σκοπὸς
1613 500 1660 566 τῆς

57 569 138 650 ἤγουν
152 569 219 648 μετδ
233 570 348 648 μεγάλης
360 573 422 649 βοῆς
436 567 633 639 ὀπειλῆσαντις.
879 569 1059 649 ἀνοικοδομέας
1070 577 1115 629 τοῦ
1129 572 1238 651 τείχους.
1248 607 1289 618 —-
1297 592 1319 632 ι.
1329 573 1409 642 Ὥςτε
1416 578 1602 655 καθεζομένους
1613 581 1658 660 ...]

96 659 236 720 LXXXV.
259 656 337 718 Κατδ
346 656 378 729 δὴ
387 655 509 727 τοιαύτην
519 654 643 737 διαφοράν
657 654 737 714 ὀντων
747 656 835 722 αύτοῖς
879 657 942 726 ὥςτε
954 657 1013 725 τοὺς
1025 657 1113 717 αύτύθι
1125 659 1301 738 φυλάττοντας
1312 667 1357 721 τοῦ
1367 663 1480 724 ἐπίπλου
1494 676 1608 747 κρατεῖν.
1619 703 1660 715 .-

55 740 832 826 τῖινπραγμάτων]τῶνΠιλοποννησίων,φησίν,έντοιαύιῃ
879 767 902 806 ε.
921 743 1035 823 Τούτου]
1061 750 1106 803 τοῦ
1139 746 1373 827 ὀνιρκοδομημένου
1397 751 1523 822 δηλονότι.
1545 788 1585 798 -
1604 752 1659 814 Τδν

28 869 44 910 ⁸
56 832 170 914 διαφορᾷ
181 832 246 915 πρός
258 855 287 892 τι
297 831 480 913 Τισσαφέρνην
492 831 537 889 καί
552 829 690 909 Ἀστύοχον
704 828 835 889 καθιστάν·
879 831 1032 913 ὑπάρχοντά
1041 839 1080 904 τε]
1090 831 1134 891 τδν
1146 836 1172 891 ἐν
1183 837 1215 913 τῇ
1225 833 1309 895 πύλαι.
1322 871 1362 881 -
1372 837 1426 897 Καὶ
1437 838 1480 897 τδν
1488 839 1656 913 ἐπιπλέοντα]
1673 860 1686 901 ε

56 943 120 981 τισι.
135 941 201 980 -α,
215 919 375 998 Δίγλωσσον]
384 919 464 997 ἤγουν
476 915 522 978 καί
532 916 580 989 τῆν
593 915 724 997 βάρύαρον
735 913 835 987 καλτῆν
879 917 923 977 τὀν
946 918 1037 987 έζωθιν
1063 918 1213 1001 ἐρχόμενον.
1234 953 1275 968 -
1298 921 1487 1004 Ἔζαιρεῖσθαι]
1510 925 1657 988 ἐκόάλλιιν.

56 1005 177 1068 Ἐλλάδα
194 1010 316 1085 γλῶσσαν
336 1005 517 1084 ἐπιστάμενον.
530 1042 563 1056 -
574 1023 596 1066 ε.
616 1003 761 1083 Φυγόντος]
776 1001 835 1061 άντί
880 1005 1070 1082 ἐκκομίζεσθαι.

55 1094 254 1173 τοῦγενομένου
268 1092 388 1175 φυγάδος.
919 1095 994 1154 XCI.
1015 1093 1141 1173 Διεθρόει]
1164 1098 1239 1174 θροῦν
1260 1094 1341 1154 ἐποίιι
1362 1095 1405 1155 διά
1424 1102 1471 1169 τῆς
1491 1103 1561 1178 βοῆς.
1576 1100 1658 1180 ἤγουν

97 1184 256 1244 LXXXVI.
278 1200 299 1240 ε.
311 1182 412 1243 Οίκεῖοι
426 1180 525 1258 αὐτῶν]
540 1180 591 1237 τῶν
607 1179 783 1257 στρατιωτῶν.
796 1211 836 1221 -
880 1179 1060 1261 ἐφήμιζεν.-
1069 1179 1154 1240 Ούδέν
1159 1181 1303 1262 πράξαντες
1311 1184 1480 1266 ἀνεχώρησαν
1485 1188 1538 1255 τοῖς
1543 1185 1659 1264 ζύμπασι

20 1289 79 1350 1⁰⁷·
95 1269 237 1350 Ἀντέχειν]
251 1268 331 1348 ἤγουν
344 1267 522 1328 ἀνθίστασθαι.
540 1268 625 1343 §wic
635 1263 777 1340 πολεμίοις.
796 1298 836 1308 -
880 1265 1049 1344 ζυμόατικύν]
1072 1269 1120 1326 οὐκ
1144 1267 1258 1349 ίαχυσαν
1283 1268 1334 1351 γάρ
1354 1280 1420 1330 πᾶσι
1444 1273 1659 1350 Λακεδαιμονίοις
1668 1295 1694 1336 10
1824 1354 1828 1361 Ι

56 1378 80 1419 ε.
104 1358 259 1438 Ποριπλείν]
279 1358 435 1438 περιζητεῖν.
457 1392 489 1405 -
504 1352 568 1414 Ἀπδ
590 1354 642 1411 τῶν
662 1349 837 1431 τετρακοσίων
880 1353 1027 1429 συμὸἥναι,
1041 1351 1110 1412 ἀλλὰ
1127 1354 1195 1413 τισίν
1213 1357 1308 1416 αὐτῶν.
1325 1391 1366 1402 -
1379 1377 1401 1419 ν.
1416 1357 1658 1439 Ἐπικαλουμένων]

56 1442 193 1522 πομπούς
207 1440 340 1525 ιτρέσύεις]
357 1441 463 1521 ὀγοντις
471 1438 606 1521 πρέαθεις,
618 1437 709 1505 οίτινες
721 1436 773 1495 άπδ
786 1440 836 1495 τῶν
880 1439 1069 1520 ἐφελκομένων.
1084 1474 1125 1485 -
1136 1439 1284 1522 Ὁρμοῦσαι
1298 1443 1349 1516 ἤδη
1366 1444 1411 1503 ἐπέ
1428 1449 1474 1518 τῆς
1492 1449 1658 1528 Λακωνικῆς]

56 1529 232 1613 τετρακοσίων
241 1528 426 1600 ἀπεστάλησαν
437 1531 473 1594 είς
486 1525 682 1604 Λακεδαίμονα.
694 1523 836 1604 γράφεται,
879 1531 939 1586 καθ’
950 1526 1097 1609 ύπερύατδν
1111 1532 1187 1587 τοῦτο
1201 1529 1356 1590 συντακτίον
1370 1534 1423 1613 τῷ,
1439 1533 1484 1592 δύο
1502 1534 1547 1592 καὶ
1560 1558 1659 1594 τεσσα-

57 1617 193 1695 πέμιεουσι
205 1615 334 1697 πρέσύεις.
351 1654 382 1668 -·
396 1613 536 1696 Πρέσύεις]
549 1612 608 1681 τούς
624 1611 760 1693 Ἀργείους.
881 1615 993 1696 ράκοντα
1006 1619 1074 1686 νῆες.
1088 1649 1129 1661 -
1146 1615 1311 1697 Φυλάξεται]
1324 1617 1403 1696 ἤγουν
1418 1620 1535 1701 φυλακὴν
1551 1621 1610 1691 έξει.
1620 1659 1661 1669 -

19 1739 45 1782 u
98 1706 270 1768 LXXXVII.
291 1703 467 1774 Ἆττικίζοντι]
482 1702 562 1780 ἤγουν
580 1699 614 1759 τά
627 1703 678 1757 τῶν
693 1696 834 1771 Ἀθηναίων
880 1721 901 1761 ν.
913 1694 967 1762 Ἦν
984 1701 1052 1761 δέτι
1066 1701 1111 1761 καί
1125 1708 1239 1761 τοιοῦτον
1253 1749 1260 1764 .
1274 1705 1295 1782 .]
1309 1696 1341 1776 ἤν
1354 1705 1380 1764 δὲ
1392 1706 1438 1765 καί
1451 1713 1490 1789 τῷ
1502 1709 1557 1768 ὀντι
1567 1709 1660 1783 ἀληθές
1675 1728 1695 1770 ιε

57 1797 202 1874 φρονοῦντι.
216 1827 248 1843 -
258 1810 281 1851 ε.
295 1792 425 1871 Πολλαχῇ
440 1788 579 1859 εἰκάζεται]
595 1787 674 1866 ἤγουν
688 1785 757 1844 κατά
771 1789 836 1846 πολ·
879 1789 910 1848 τδ
921 1790 1056 1871 φοόεῖσθαι
1075 1789 1134 1858 τούς
1150 1790 1211 1871 περί
1225 1792 1384 1872 Θηραμένην
1402 1793 1448 1852 καί
1467 1794 1526 1862 τοὺς
1540 1797 1600 1878 περί
1618 1799 1661 1856 αύ-

57 1878 265 1961 λοίιςτρόπονςέν
278 1883 421 1958 ατοχασμῷ
432 1878 602 1937 κεῖται-Οἱ
609 1874 656 1952 μέν
663 1872 725 1956 γάρ]
733 1873 837 1950 λέγουσι
880 1877 924 1935 τὸν
938 1877 1046 1956 ἔχοντας
1055 1876 1104 1948 τῆν
1113 1877 1275 1958 ὀλιγαρχίαν·
1289 1880 1436 1958 (ἐφούοῦντο
1447 1881 1498 1964 γδιρ
1512 1882 1549 1958 μὴ
1564 1887 1588 1942 οί
1603 1890 1659 1944 Λα-

58 1965 186 2039 δηλονέτι.
213 2003 245 2018 -
266 1964 523 2045 Ἐκχρηματίσαιτο]
550 1962 608 2022 ὀντί
633 1968 679 2021 τοῦ
710 1960 837 2042 πράξαιτυ
880 1963 1039 2042 κεδαιμύνιοι
1048 1963 1276 2044 ἕλωσιτδτεῖχος]
1289 1967 1372 2044 καίζοό
1387 1967 1463 2044 μόνον
1475 1971 1575 2049 ψευδῶς
1585 1976 1660 2030 τοῦτο

27 2125 34 2134 ι
58 2052 190 2136 άργύβωέν
198 2052 325 2133 χρήματα
335 2051 423 2113 λάθοι.
435 2055 451 2129 §
462 2051 590 2132 χρῆματα
603 2048 738 2120 συλλέξαι,
753 2051 779 2115 ἐς
790 2047 837 2119 τῆν
881 2051 984 2129 ἐλέγετο
995 2051 1040 2109 καί
1052 2050 1212 2112 διεόοίλλετο.
1223 2056 1246 2112 οί
1258 2053 1308 2134 γάρ
1319 2055 1480 2137 ὀλιγαρχικοί
1488 2057 1603 2130 μάλιστα
1611 2058 1658 2134 μέν

17 2179 46 2220 ,0
57 2137 200 2202 Ἄσπενδον
211 2139 377 2222 προαγαγὼν,
391 2140 449 2212 ἤτοι
460 2137 633 2221 προενεγκύν.
643 2176 673 2187 -
682 2156 705 2196 ε.
720 2136 835 2208 Ἐκιῖαε]
881 2137 1030 2210 ἐύούλοντο,
1044 2142 1071 2198 ἐν
1082 2139 1221 2220 ὀλιγαρχίᾳ
1230 2141 1314 2212 ὀντες,
1327 2140 1417 2220 άρχειν
1428 2142 1473 2200 καί
1486 2146 1537 2202 τῶν
1548 2145 1655 2222 συμμά-
1672 2157 1696 2200 ω

57 2227 138 2306 ἤγουν
162 2229 189 2296 ές
210 2227 258 2300 τῆν
281 2225 431 2288 Ἄσπενδον.
456 2265 488 2278 -
511 2225 565 2287 Καί
590 2223 733 2303 διέμελλεν]
756 2222 836 2300 ἤγουν
879 2249 944 2305 χων·
957 2229 980 2283 εἰ
989 2224 1016 2284 δέ
1030 2230 1106 2284 τοῦτο
1119 2224 1157 2302 μὴ
1171 2225 1301 2300 δύναιντο,
1315 2229 1513 2305 αύτονομεῖσθαί
1524 2254 1553 2308 γε
1568 2233 1595 2289 ἐν
1606 2233 1658 2289 ὀλι-

55 2314 204 2395 lfipn‘awm.
226 2352 258 2366 .-
285 2310 416 2396 Κομίσας]
443 2312 489 2380 τάς
509 2319 578 2380 ναῦς.
607 2350 639 2363 -
665 2309 834 2387 Ἄντιπάλως]
879 2311 1102 2394 γαρχίφ,ίχοντες
1112 2310 1147 2370 τά
1157 2312 1232 2392 τείχη
1245 2313 1289 2372 καὶ
1302 2313 1350 2382 τὰς
1358 2321 1429 2382 ναῦς·
1440 2319 1462 2374 εί
1470 2317 1496 2375 δέ
1506 2319 1551 2376 καί
1562 2317 1655 2377 τούτου

56 2402 137 2480 ἤγουν
151 2401 291 2470 ἰσοπάλοις.
306 2439 338 2452 -
351 2421 373 2464 ε.
388 2401 423 2462 ‘0
437 2402 464 2459 δέ
477 2399 556 2481 χάριν
569 2398 600 2459 δν
614 2398 697 2470 δῆπου
711 2400 738 2456 ἐν
752 2396 836 2479 τούτῳ
880 2399 1056 2481 διαμάρτοιεν,
1071 2397 1108 2476 μὴ
1126 2398 1177 2458 ύπύ
1192 2424 1222 2479 γε
1239 2401 1417 2482 δημοκρατίας
1431 2395 1502 2471 αύθις
1519 2404 1658 2483 γενομένης

57 2489 139 2568 μείζω
153 2489 191 2549 ἐτι
204 2488 292 2570 έσχεν]
304 2489 363 2560 ἤτοι
375 2488 453 2570 χάριν
469 2487 573 2566 μείζονα
587 2485 721 2568 παρέσχεν
736 2484 768 2544 θν
782 2488 832 2564 βα·
881 2486 954 2546 αὐτοί
969 2489 1151 2569 διαφθαρῆναι.
1175 2489 1257 2563 δῆμον
1272 2487 1322 2570 γάρ
1344 2495 1387 2549 νύν
1411 2489 1459 2562 τῆν
1479 2492 1657 2572 δημοκρατίαν

16 2610 44 2652 3
57 2579 138 2649 σιλιῑ,
151 2575 170 2648 ἤ
182 2575 289 2656 χάριτος
304 2575 418 2653 μείζονος
430 2573 538 2646 ἠξιώθη.
879 2574 1002 2651 λέγει...
1009 2574 1263 2655 Κατηγορίαν1κατίι
1272 2579 1324 2634 τῶν
1335 2579 1520 2658 Σπαρτιατῶν.
1529 2614 1566 2624 -
1575 2582 1656 2641 Αέτο
1672 2592 1698 2632 τε

96 2665 280 2726 LXXXVIII.
302 2663 342 2722 Δι’
359 2661 422 2720 αύτό
476 2659 647 2740 ἀναγκάζοιτο
663 2660 834 2741 προςχωρεῖν]
879 2665 1024 2739 νομιῒσθαι]
1037 2669 1090 2729 τοῖς
1104 2661 1177 2729 ἰδίοις
1187 2661 1275 2739 νύμοις
1286 2668 1409 2744 χρῆσθαι.
1425 2698 1464 2710 -
1479 2669 1511 2727 EI
1520 2674 1574 2733 τοῖς
1586 2667 1659 2745 γε...]

57 2751 229 2831 ὀναγκάζοιτο
247 2754 262 2810 θ
281 2748 463 2831 Τισσαφέρνης
476 2747 519 2807 διά
531 2747 562 2807 εδ
575 2745 765 2807 ὑποπτεύεσθαι
782 2746 833 2805 ύπδ
880 2749 924 2809 ἐὰν
934 2747 1024 2808 τούτου
1035 2749 1113 2825 μόνου
1120 2748 1230 2828 τύχωσι,
1240 2757 1286 2809 τοῦ
1296 2750 1423 2820 σώζεσθαι
1434 2753 1553 2825 δηλονότι
1563 2753 1596 2812 τά
1606 2754 1659 2814 σού·

55 2841 110 2898 τῶν
125 2837 351 2910 Πελοποννησίων.
880 2859 968 2915 ματα,
982 2835 1016 2894 τά
1029 2841 1076 2907 τῆς
1085 2835 1186 2902 πόλεως
1198 2838 1245 2895 οόκ
1257 2835 1289 2895 δν
1303 2836 1363 2918 περί
1376 2841 1473 2898 πολλοῦ
1487 2839 1621 2910 ἐποίησαν.

96 2927 250 2988 LXXXlX.
261 2925 301 2986 Τὸ
312 2921 513 3005 erpoinum&
523 2924 550 2981 ἐν
560 2926 593 3003 τῇ
605 2920 690 3003 Σύμη)
704 2918 832 2991 δηλονότι.
919 2925 1009 2984 xcn.
1030 2943 1052 2982 ι.
1066 2923 1232 3002 Περιτολων]
1245 2924 1377 3005 φυλάκων.
1391 2925 1476 2985 -Ὁ
1492 2926 1520 2984 δέ
1531 2926 1659 3009 ξυνεργός]

14 3052 44 3094 ,⁰
56 3044 98 3059 -
112 3011 333 3091 Ἀπαλλαγέντας]
343 3009 541 3089 ἀπαλλαγέντας
552 3008 583 3067 δν
592 3008 638 3067 καί
649 3009 836 3084 άπαλλαγησο-
880 3009 1016 3077 συναίτιος.
1029 3044 1067 3054 -
1087 3008 1273 3082 Κελεύσαντος]
1289 3010 1332 3070 τὸν
1344 3011 1429 3092 φύνον.
1443 3046 1482 3056 -
1496 3012 1552 3075 Ἀπ’
1567 3015 1657 3086 αὐτοῦ]
1671 3031 1698 3072 ευ

57 3099 158 3176 μένους.
169 3110 231 3158 -έ,
243 3103 300 3160 Τοῦ
312 3098 377 3176 ὀγαν
391 3101 416 3166 ἐς
421 3098 520 3176 ὀλίγους
526 3093 618 3179 οἰκεῖν]
623 3097 702 3174 ἤγουν
709 3098 755 3165 τῆς
762 3097 837 3174 ὀκρι-
879 3098 958 3176 ἤγουν
970 3096 1037 3175 μετά
1048 3097 1092 3156 τὸν
1106 3097 1181 3178 φόνον
1192 3103 1239 3156 τοῦ
1253 3098 1399 3179 Φρυνίχου.
1413 3134 1453 3144 -
1467 3100 1521 3161 Καὶ
1534 3104 1586 3159 τῶν
1600 3100 1659 3170 ἐζω-

56 3185 119 3254 ύοῦς
130 3185 290 3267 ὀλιγαρχίας.
304 3184 422 3245 -Ἇλλά
433 3184 491 3252 τοὺς
503 3181 724 3262 πεντακιςχιλίους
735 3188 776 3251 ...]
789 3183 837 3240 ούκ
880 3184 934 3268 θεν]
941 3189 993 3243 τῶν
1004 3183 1178 3264 τετρακοσίων
1185 3184 1312 3256 δηλονότι.
1320 3221 1360 3231 -
1369 3205 1390 3246 3.
1405 3187 1450 3254 Ἐς
1463 3187 1659 3264 Αίγινανκατα-

55 3272 200 3332 ὀντίκιιταί
206 3295 256 3331 τινι
267 3272 296 3331 τό
308 3271 389 3344 ὀλλά,
399 3271 560 3349 ὡςλέγομεν,
572 3273 600 3329 ού
612 3269 680 3339 τόδι,
692 3266 835 3326 άλλθτόδι·
879 3271 1013 3344 κολπίσαι]
1031 3275 1066 3338 είς
1084 3271 1129 3330 τὸν
1146 3276 1192 3342 τῆς
1212 3272 1319 3349 Αἰγίνης
1336 3273 1433 3334 κόλπον
1446 3276 1566 3333 πλεῦσαι.
1580 3309 1620 3321 -
1633 3294 1656 3336 ε.

55 3357 497 3439 ἐστηδέπαρακιλιυστικδνὼςκαί
502 3358 564 3438 παρ’
571 3356 683 3439 Ὁμῆρῳ
696 3357 835 3437 [11.Ν,ννν],
882 3357 936 3420 Καὶ
949 3357 997 3431 τῆν
1011 3363 1103 3417 ἐαυτοῦ
1116 3358 1234 3440 φυλακῆν
1249 3359 1326 3438 έχων]
1339 3360 1418 3439 ἤγουν
1432 3360 1490 3428 τούς
1503 3365 1595 3423 έαυτοῦ
1606 3360 1657 3443 φύ-

13 3484 43 3525 ³³
118 3454 173 3504 Ἀλλ’
183 3453 238 3516 ὀγι,
248 3454 329 3517 μηκέτι
340 3458 414 3502 ταῦτα
423 3453 551 3515 λεγώμεθα.
879 3448 970 3514 λακας.
985 3477 1020 3487 -
1032 3467 1054 3507 ο.
1068 3448 1172 3517 Ταῦτα]
1185 3445 1325 3506 συλλαόιῖν
1337 3450 1433 3507 ἐκεῖνον
1444 3447 1486 3519 δῆ.
1496 3482 1536 3492 -
1547 3469 1569 3508 ε.
1581 3447 1658 3520 Πλῆν
1671 3463 1697 3505 οε

55 3535 75 3604 ἤ
96 3530 124 3591 δέ
148 3529 256 3590 διάνοια·
274 3531 298 3589 οί
315 3529 376 3611 περί
394 3529 438 3588 τδν
455 3526 615 3610 Θηραμένην
637 3527 760 3610 άρχοντες
777 3531 836 3591 τότε
879 3533 947 3601 ὀσοις
963 3531 999 3611 μὴ
1020 3532 1183 3612 βουλομένοις
1198 3577 1227 3597 ...
1241 3525 1286 3612 ἤν]
1300 3532 1369 3606 πλῆν
1386 3533 1442 3593 ὀοοι
1456 3533 1493 3612 μῆ
1508 3534 1657 3608 έόούλοντο,

55 3622 103 3691 τῆς
122 3615 285 3696 ὀλιγαρχίας,
303 3615 348 3675 καί
368 3615 543 3697 μετασχόντες
562 3616 642 3689 αύτῆς
664 3619 692 3674 ἐν
712 3617 836 3698 πρώτοις,
880 3621 979 3694 δηλαδὴ
994 3620 1198 3702 ὀλιγαρχεῖσθαι.
1213 3659 1248 3669 -
1262 3642 1283 3682 7.
1297 3621 1502 3702 Ἐκπληκτικός]
1518 3623 1597 3700 ἤγουν
1612 3621 1658 3681 έκ-

55 3703 205 3789 ὀρεγόμινοι
221 3704 249 3764 δέ
268 3703 463 3786 δημοκρατίας,
477 3703 575 3782 έλεγον,
590 3705 639 3782 ούχ
656 3703 696 3762 ὀτι
717 3706 838 3765 άπαλλα-
879 3708 971 3781 πληξιν
989 3711 1070 3766 ποιῶν
1088 3708 1142 3775 τοῖς
1159 3707 1306 3769 ἀκούωσιν.
1325 3739 1360 3750 -
1373 3729 1395 3769 ε.
1413 3707 1497 3770 Ὅσον
1516 3709 1569 3768 άπό
1586 3713 1656 3789 βοῆς]

56 3795 152 3860 κακῶς
166 3791 360 3868 (έπαλλακτιῗις)
375 3790 464 3869 έχουσι
474 3793 521 3860 τῆς
541 3788 707 3869 ὀλιγαρχίας,
721 3790 794 3872 (ὅπερ
806 3785 838 3866 ἤν
878 3796 957 3874 ἤγουν
970 3794 1022 3853 άπδ
1034 3798 1096 3874 βοῆς
1107 3792 1153 3853 καί
1166 3797 1214 3854 οὐκ
1227 3797 1338 3867 άληθῶς.
1350 3838 1382 3850 -
1392 3817 1414 3856 ν.
1425 3799 1473 3878 Τῷ
1483 3795 1577 3866 πλήθει
1591 3798 1658 3876 ἐχα-

12 3916 43 3958 w
56 3879 176 3958 ἀληθές]
198 3877 256 3937 ἀλλ’
272 3876 312 3937 δτι
324 3877 462 3959 φοόοῧνται
475 3875 534 3943 τούς
552 3876 579 3935 ἐν
593 3875 693 3958 Σάμῳ,
711 3878 758 3937 καί
777 3880 838 3939 Ἀλ-
878 3881 1010 3952 λέπαινον]
1025 3885 1063 3963 τῷ
1077 3882 1211 3963 δημοτικῷ
1224 3882 1350 3953 δηλονότι.
1363 3882 1504 3965 γράφεται,
1518 3886 1555 3964 τῷ
1568 3884 1659 3956 ἀληθεῖ
1671 3901 1698 3942 νυ

34 3963 41 3976 ’
55 3966 189 4038 ιιιὸιάδην,
198 3963 313 4031 καλτοίις
321 3962 444 4029 dudm<
453 3965 488 4028 τίς
499 3961 684 4039 Λακεδαίμονα
698 3964 833 4046 πρέαόεις,
879 3967 1061 4049 ἐχαλέπαινον.
1076 4005 1109 4015 -
1126 3990 1159 4030 ιο.
1174 3968 1273 4048 Ὁμόστ
1287 3993 1314 4029 τε
1326 3969 1438 4050 ἐχώρουν
1452 3973 1477 4029 οέ
1489 3972 1607 4029 πλεῖστοι
1620 3995 1658 4051 τιμ

56 4054 96 4131 μῆ
106 4077 133 4112 τι
147 4044 218 4114 οὗτοι
236 4051 317 4112 κακδν
333 4051 499 4134 ἐργάσωνται
516 4047 565 4120 τὴν
579 4048 665 4124 πάλιν,
685 4053 839 4134 ὀλιγαρχίας
879 4053 957 4136 ίργιρ]
970 4054 1051 4132 ἤγουν
1062 4053 1197 4115 ἐόούλοντο
1209 4057 1395 4132 συμπλακῆναι
1409 4059 1441 4136 τῇ
1455 4055 1561 4137 πράξει.
1570 4091 1610 4103 --
1623 4077 1656 4118 ιν.

55 4139 205 4287 Ἐμάνης.
218 4129 333 4286 Vaut?
346 4134 509 4303 γῆκζόίφφνῆγτφβγ
524 4137 745 4300 φηεγτοφκιεχιλὲφυε
762 4145 838 4288 ³120:-
878 4140 959 4202 Ἰέναι
970 4141 1056 4289 έπέΕτδ
1068 4141 1152 4251 έργον]
1164 4141 1339 4286 ἤγουνὰέπὲτό
1353 4142 1549 4286 κριτασκάπτειν
1560 4141 1590 4203 τθ
1600 4149 1656 4203 τεῒ-

142 4250 160 4288 ι.
177 4266 208 4279 -.
239 4271 246 4288 .
322 4248 346 4285 ιτ
670 4249 687 4283 κ
719 4262 768 4285 .-
807 4252 837 4286 υ·
896 4252 932 4297 ος.
947 4261 982 4271 -
1030 4253 1080 4288 πικ
1096 4252 1208 4288 υπτοντο
1382 4251 1408 4286 τι
1421 4252 1473 4288 των
1484 4252 1617 4290 πεντακισ
1632 4254 1657 4288 ι-

14 4346 42 4390 ω
54 4313 180 4395 θημιρόν]
193 4313 313 4391 ἤγαινέν
333 4321 381 4394 μιβ
398 4311 496 4392 ἤμέρηι.
508 4245 649 4370 -Ἐκρδαέ
661 4313 837 4397 δημοκρατίας
876 4251 941 4375 λέων
951 4339 975 4374 τ.
996 4319 1045 4389 ὀν.]
1066 4254 1135 4383 ὀιρτοις
1146 4307 1178 4387 ἤν
1196 4251 1360 4394 βούλόμένμόίζ
1373 4315 1593 4396 δημοκρατεῖσθαι
1608 4254 1656 4387 ύῆν
1670 4339 1697 4380 εν

57 4399 183 4482 αἱρέσεως
195 4398 349 4478 γιγνομένης
366 4400 409 4478 ...]
427 4399 485 4457 άντί
501 4406 563 4472 τοῦ,
578 4406 605 4462 ἐν
625 4395 789 4482 δημοκρατία
808 4401 836 4461 δέ
878 4402 962 4472 πόλιν,
976 4394 1045 4461 οὗτοι
1065 4401 1096 4472 δῆ
1114 4401 1197 4478 μόνως
1214 4399 1399 4482 προςηγόρευον
1421 4400 1470 4472 τῆν
1486 4401 1657 4474 κατάστασιν,

56 4487 182 4569 ἄρχοντές
192 4511 259 4555 τινος
271 4485 443 4568 αίρεθέντοςῆ
459 4488 636 4567 πρωτεύοντύς
648 4513 729 4562 τινος,
741 4489 836 4572 βορδίως
877 4490 910 4562 ἤν
935 4487 1071 4548 ἐόούλοντο
1092 4486 1228 4567 γενέσθαι,
1252 4486 1406 4569 φοόούμενοι
1429 4487 1460 4546 τδ
1481 4488 1577 4568 ὀνομα,
1600 4492 1658 4550 ἀλλ’

56 4575 179 4658 φέρωσιν
197 4578 221 4634 οέ
242 4573 279 4653 μῆ
302 4575 424 4653 τυχόντες
438 4577 490 4632 τῶν
503 4575 608 4652 ὁμοίων·
630 4579 659 4635 οό
675 4576 726 4659 γάρ
748 4577 836 4656 ὁμοίου
878 4575 1101 4652 ύπαλλάττοντες,
1118 4574 1339 4654 πεντακιςχιλίους
1352 4574 1470 4636 ἐκάλουν.
1488 4609 1522 4618 -
1542 4575 1589 4647 Μῆ
1609 4575 1657 4635 έν·

57 4662 149 4743 ἀνδρδς
159 4661 316 4740 νομίζουσιν,
330 4659 399 4720 ἀλλὰ
410 4660 545 4741 κρείσσους
558 4666 739 4723 ἐλασσοῦσθαι.
877 4688 965 4746 τικρυς
975 4659 1069 4745 δῆμον]
1079 4662 1137 4721 καθ’
1148 4661 1304 4743 ύπερόατδν,
1313 4658 1379 4727 ὀςτις
1389 4660 1510 4738 βούλεται
1520 4660 1564 4720 τδν
1574 4664 1656 4740 δῆμον

15 4781 45 4824 ω
97 4751 158 4813 XC.
179 4753 227 4831 Τῷ
239 4748 348 4831 τοιούτῳ
359 4748 536 4830 είδει]τῷτῆς
551 4750 729 4830 δημοκρατίας
742 4752 836 4824 δηλον·
879 4751 977 4831 ἄρχειν,
990 4747 1027 4828 μῆ
1043 4748 1162 4828 ἄντικρυς
1173 4747 1315 4825 ὀνομάζειν.
1326 4746 1386 4806 ένιοι
1399 4745 1425 4806 δέ
1438 4748 1518 4815 οὕτως
1528 4747 1656 4817 ἐδέξαντο·
1669 4773 1696 4810 ιο

53 4837 108 4901 Ιότι.
120 4837 200 4917 ἤγουν
213 4837 383 4898 καταστάσει.
398 4871 438 4882 -
452 4837 529 4916 Ἀνῆρ
540 4840 567 4896 ἐν
577 4842 630 4905 τοῖς
646 4837 770 4915 μάλιστα]
783 4841 836 4904 τοῖς
877 4837 945 4905 ὀςτις
958 4839 1044 4896 αὐτῶν
1061 4835 1182 4896 ἐόούλιτο
1199 4835 1299 4917 άρχειν,
1311 4836 1341 4894 ού
1355 4835 1533 4916 δημοκρατίαν
1545 4835 1593 4908 τῆν
1607 4857 1656 4895 κα-

59 4928 247 5006 ίσχυροτατοις.
258 4961 299 4972 -
311 4924 497 5002 Κατέστησαν]
509 4924 672 5005 ὀλιγαρχίαν.
685 4959 726 4970 -
739 4944 762 4986 ν.
779 4927 837 4984 AI-
878 4923 1005 4983 τάστασιν
1016 4921 1161 5000 ὠνόμαζεν,
1173 4920 1244 4981 άλλό
1257 4921 1488 5002 πεντακιςχιλίους,
1502 4927 1536 4990 ὡς
1549 4922 1595 4981 καί
1607 4924 1654 4983 αύ-

57 5013 117 5094 τοῦ]
128 5013 208 5092 ἤγουν
220 5002 529 5085 ένἌθῆναις.-·”οςτις
540 5012 586 5072 καί
595 5016 709 5079 ὀπωςοῦν
719 5008 838 5097 ὀνεκτύς]
878 5012 921 5080 τδς
943 5009 1055 5089 μεθέξων
1076 5011 1170 5077 αότοῗς.
1191 5013 1207 5087 §
1224 5009 1333 5068 διάνοια·
1353 5011 1401 5068 οέκ
1417 5009 1543 5087 ὀνομαστὶ
1559 5032 1657 5090 προςη-

59 5101 125 5171 Im<
144 5100 248 5182 τρόπος.
271 5099 412 5176 τουτέστιν,
430 5103 547 5182 ᾡτινιοῦν
571 5101 671 5180 άνεκτῷ
689 5097 787 5180 τρόπῳ.
798 5133 839 5144 -
880 5099 985 5181 γύριυον
999 5097 1065 5167 δςτις
1080 5096 1201 5178 βούλεται
1218 5096 1262 5156 τδν
1279 5099 1361 5176 δῆμον
1380 5096 1480 5179 άρχειν,
1496 5095 1656 5177 φοόούμενοι
