3676 5828
645 355 842 414 msromm
864 353 932 413 mn
954 355 990 430 ν,
1016 364 1049 414 re
1066 390 1102 400 -
1121 366 1167 416 ω.
1651 373 1703 424 211

114 496 157 550 θιοι
170 487 215 548 καί
231 486 370 548 Ἀκάνθιοι.
413 486 444 563 (τ)
460 483 616 545 ’Δποδύντων
632 485 659 542 st
675 484 815 556 Ἀθηναίοις
829 488 885 544 Λα·
906 495 910 555 1
930 491 1042 541 daemonii
1052 506 1108 543 vero
1117 508 1247 558 eorumque
1256 497 1314 546 socii
1324 500 1453 546 Panaotum
1465 499 1648 550 Atheniensibus
1660 500 1708 551 red·

113 575 266 654 κεδσιμύνιοι
280 572 326 632 καί
349 575 373 634 oi
391 572 524 653 ξύμμαχοι
544 570 693 632 Πάνακτον.
728 571 886 631 Ἀποδύντων
930 579 995 629 dant.
1029 582 1175 630 Ltvicissim
1188 583 1343 633 Athenienses
1356 585 1709 639 reddmtmcednmoniisco·

111 664 137 723 δί
153 663 197 723 καὶ
213 662 342 733 Ἀθηναῖοι
359 659 574 737 Λακεδαιμονίοις
593 658 760 741 Κορυφάσιον
773 659 818 718 καὶ
832 658 887 719 Κύ-
931 669 1069 731 ryphasium
1079 675 1103 718 et
1115 670 1219 730 Cythera
1230 674 1254 719 et
1264 672 1390 721 Methonen
1401 676 1426 721 ct
1434 673 1541 722 Pteleum
1551 680 1575 723 et
1584 675 1709 726 Atalanten

111 756 175 831 θηρα
191 749 238 810 καὶ
256 749 384 820 Μεθώνην
400 747 445 806 καί
462 746 575 807 Πτελεὸν
594 746 640 805 καί
655 745 824 819 Ἀταλάντην,
842 745 888 805 καὶ
930 759 955 804 et
970 768 1126 819 quoscunque
1141 757 1375 807 Lacedaemoniorum
1390 761 1497 823 captivos
1513 761 1536 809 in
1553 776 1659 823 carcere,
1672 763 1709 813 vet

111 835 166 904 τούς
179 837 277 918 ἄνδρας
284 837 340 895 ὅσοι
349 837 400 895 εἰσί
407 833 621 911 Δακεδαιμονίων
632 837 659 891 ἐν
670 837 708 911 τῷ
720 834 839 916 δημοσίῳ
850 837 888 915 τῷ
931 841 1044 902 Athenis,
1056 843 1096 891 uel
1111 843 1167 892 alibi
1181 844 1242 893 intra
1253 857 1305 895 suoe
1313 845 1411 895 ditionis
1422 846 1481 897 iines
1493 848 1582 897 haberit
1589 865 1596 908 ;
1606 850 1663 898 item
1675 849 1710 900 di·

112 923 251 997 Ἀθηναίων
270 923 287 995 ἢ
311 922 401 983 ἄλλοθί
419 946 470 981 που
488 922 549 993 ὅσης
567 921 696 992 Ἀθηναῖοι
717 921 841 1002 ἄρχουσιν
861 924 888 979 ἕν
932 928 1028 977 mittant
1040 929 1238 992 Peloponnesios,
1251 932 1292 994 qui
1304 933 1394 982 Scionae
1405 933 1553 995 obsidentur,
1570 940 1710 999 ceterosque

112 1012 241 1094 δημοσίῳ·
257 1010 303 1071 καί
321 1009 380 1077 τοὺς
393 1013 420 1070 ὅν
436 1007 541 1088 Σκιώνη
557 1007 788 1088 πολιορκουμένους
804 1010 889 1068 Πελο-
932 1015 1164 1066 Laeedaemoniorum
1172 1019 1260 1079 socios,
1268 1024 1385 1082 quotquot
1392 1021 1557 1082 suntScionm,
1565 1027 1711 1086 etquotquot

111 1099 256 1171 πονιησίων
272 1101 390 1181 ἀφεῖναι,
405 1096 451 1156 καί
468 1095 526 1163 τοὺς
542 1096 635 1162 ἄλλους
652 1094 707 1154 ὅσοι
721 1097 892 1172 Δακεδαιμοι
932 1102 1043 1152 Brasidas
1058 1118 1087 1154 eo
1101 1105 1180 1165 misit,
1193 1109 1219 1154 et
1232 1106 1252 1154 si
1264 1107 1319 1167 quis
1330 1107 1563 1157 Lacedoemoniorum
1578 1110 1656 1158 socius
1673 1110 1711 1161 vel

111 1185 170 1245 τίων
181 1185 317 1264 ξύμμαχοι
330 1187 358 1242 ἐν
372 1183 477 1264 Σκιώνη
490 1182 593 1242 ιίσλκαὶ
606 1181 680 1248 ὅσους
693 1181 824 1262 Βρασίδας
836 1179 890 1240 ἰοί·
932 1191 1032 1240 Athenis
1049 1192 1073 1239 in
1089 1205 1182 1242 carcere
1198 1197 1236 1242 est
1245 1193 1283 1243 vel
1300 1194 1355 1243 alibi
1371 1194 1432 1243 intra
1448 1195 1508 1244 fines
1522 1196 1628 1259 imperii,
1647 1196 1712 1259 quod

111 1278 223 1354 πεμψεν,
237 1272 283 1331 καί
297 1271 322 1331 εί
333 1295 372 1338 τις
382 1275 435 1330 τῶν
449 1270 594 1349 ξυμμάχων
608 1273 660 1327 τῶν
675 1267 889 1344 Δακεδαιμονίων
932 1278 1088 1328 Athenienses
1104 1279 1205 1339 hahent,
1218 1283 1243 1328 in
1258 1293 1360 1330 carcere.
1392 1282 1505 1331 Vicissim
1516 1284 1588 1332 etiem
1604 1284 1712 1334 Laoedae·

113 1360 266 1434 ίν’Δθτ(ναις
276 1360 345 1419 ίστίν
359 1362 385 1419 tu
397 1363 435 1439 τῷ
449 1355 595 1438 δημοσίῳῆ
609 1355 697 1414 ἄλλοθί
709 1379 759 1414 που
772 1349 803 1427 ἧς
813 1355 888 1426 Ἀθη-
934 1366 1006 1414 monii
1024 1379 1155 1428 eorumque
1173 1368 1231 1416 socii
1249 1368 1333 1417 eodem
1351 1369 1423 1418 modo
1439 1370 1540 1420 reddant
1557 1384 1714 1434 quoscunque

113 1450 178 1508 ναῖοι
200 1447 327 1530 ἄρχωσιν
349 1450 376 1505 ὲν
398 1445 524 1528 δημοσίῳ.
566 1442 726 1504 Ἀποδάντων
750 1442 777 1501 δὲ
800 1442 889 1501 καλοί
933 1453 1483 1518 Atheniensiumsociorumvepenessehahcnt.
1517 1457 1714 1518 (emeseionaeis

113 1535 315 1613 Λακεδαιμόνιοι
322 1535 368 1593 καί
380 1539 404 1594 οἱ
421 1532 555 1613 ξύμμαχοι
567 1531 687 1597 ούστινας
700 1529 804 1609 ἔχουσιν
820 1530 891 1602 Ἀθη·
933 1553 991 1589 vero
1002 1544 1027 1589 et
1038 1542 1159 1590 Toronaeis
1169 1546 1194 1591 et
1208 1543 1344 1605 Sermytiis.
1358 1548 1382 1592 et
1394 1543 1414 1592 si
1425 1558 1498 1606 quam
1509 1544 1579 1593 aliam
1592 1545 1713 1595 civitatem

114 1623 190 1683 ναίων
200 1624 247 1682 καί
256 1626 307 1682 τῶν
317 1621 464 1701 ξυμμάχων
474 1620 542 1679 κατὰ
554 1618 646 1678 ταύτά.
690 1621 720 1694 (ν)
738 1617 891 1678 Σκιωναίων
933 1627 1024 1676 hahent
1032 1628 1202 1688 Athenienses,
1214 1629 1371 1680 Athenienses
1383 1631 1482 1694 deipsis
1495 1631 1561 1681 etde
1574 1632 1672 1695 reliquis
1683 1633 1714 1682 ei·

114 1712 140 1771 δί
161 1711 208 1770 καί
229 1709 387 1790 Τορωναίων
404 1707 449 1767 καί
463 1707 616 1790 Σιρμυλίων
632 1705 678 1765 καλ
696 1705 719 1764 εί
734 1728 792 1763 τινα
809 1704 891 1776 άλλην
934 1714 1049 1777 vitatibus
1066 1715 1180 1765 arbitratu
1198 1729 1242 1765 suo
1258 1721 1371 1766 statuant.
1415 1719 1449 1780 (9)
1467 1719 1641 1781 Jusjurandnm
1658 1733 1715 1771 uero

113 1798 187 1858 πάλιν
195 1798 299 1878 ἔχουσιν
307 1795 599 1870 Ἄθηναῖοι,Ἀθηναίους
607 1792 838 1874 βουλεύεσθαιπερλ
846 1795 893 1851 αύ-
935 1806 1048 1864 prmsteut
1057 1803 1213 1852 Athenienses
1221 1804 1285 1867 apud
1295 1804 1486 1855 Lacedaemonios
1495 1819 1627 1869 eorumque
1636 1808 1715 1857 socios

114 1889 163 1945 τῶν
176 1885 289 1944 καὶτῶν
303 1883 390 1942 ἄλλων
406 1882 508 1942 πολεων
527 1881 581 1941 ὅτι
598 1881 630 1940 ἂν
645 1879 707 1958 δοκῇ
723 1883 819 1947 αὐτοῖς.
861 1882 891 1957 (υ)
935 1889 1095 1952 persingulas
1110 1891 1227 1940 civimtes.
1261 1892 1361 1954 Utrique
1376 1893 1637 1956 antemiusjurondum
1649 1908 1716 1946 more

114 1970 227 2052 Ὅρκους
237 1971 265 2031 δὲ
275 1971 436 2043 ποιήσασθαι
443 1968 591 2043 Ἀθηναίους
600 1968 663 2050 πρδς
671 1966 893 2045 Λακεδαιμονίους
936 1977 1012 2039 patrio
1023 1983 1160 2040 receptum,
1171 1979 1235 2041 quod
1245 1979 1268 2027 in
1278 1983 1378 2042 utraque
1390 1980 1488 2029 ciuitate
1500 1983 1632 2031 maximum
1643 1982 1715 2032 hehe·

116 2059 159 2118 καὶ
172 2058 231 2126 τούς
244 2057 397 2138 ξυμμάχους
413 2055 592 2122 κατὰπολεις.
635 2054 789 2132 Ὀμνύντων
806 2054 834 2113 δὲ
849 2054 893 2113 τδν
936 2067 983 2122 tur,
996 2063 1084 2125 iurent.
1121 2064 1291 2126 Jusjurandum
1306 2071 1386 2116 nutem
1402 2067 1427 2115 in
1443 2068 1495 2116 haee
1511 2068 1584 2116 verim
1598 2068 1714 2129 juretur:

117 2145 252 2226 ἐπιχώριον
266 2144 340 2227 ὅρκον
353 2143 471 2224 ἑκάτεροι
484 2143 528 2202 τὸν
541 2142 663 2221 μέγιστον
677 2142 702 2210 ἐξ
718 2141 831 2214 ἑκάστης
844 2141 893 2199 πό·
938 2171 950 2192 «ι
965 2151 1039 2201 stabo
1048 2152 1086 2201 his
1097 2153 1174 2214 pactis
1185 2159 1256 2215 atque
1267 2153 1305 2201 his
1316 2153 1447 2202 federibus
1456 2153 1521 2215 juste
1531 2159 1556 2203 et
1568 2155 1619 2205 sine
1628 2155 1691 2206 doio.
1702 2176 1714 2199 ν

116 2236 186 2301 λεώς.
228 2232 295 2293 Ὁδ
308 2232 383 2314 ὅρκος
395 2231 463 2292 ἔστω
472 2230 527 2291 ὅδε·
543 2259 555 2283 ι
571 2233 677 2308 ίμμενῶ
688 2239 745 2296 ταῖς
759 2226 894 2299 ξυνθήκαις
937 2238 1110 2287 Lacedaemonii
1126 2244 1206 2288 autem
1227 2253 1358 2303 eorumque
1380 2241 1436 2289 socii
1449 2240 1616 2302 iusjmandum
1632 2243 1716 2293 eodem

117 2322 160 2380 καί
173 2329 230 2388 ταῖς
241 2323 364 2388 σπονδαῖς
375 2321 465 2378 ταῖσδε
478 2318 582 2384 δικαίως
593 2317 638 2376 καί
649 2317 756 2383 ἀδόλως.
773 2344 786 2367 ν
803 2314 895 2376 Ἔστω
937 2325 1009 2374 medo
1020 2326 1083 2388 apud
1100 2327 1256 2376 Athenienses
1270 2328 1364 2389 jurent,
1398 2329 1448 2389 (to)
1466 2329 1511 2377 hoc
1526 2334 1606 2378 autem
1623 2330 1718 2394 utrique

118 2406 365 2485 δίΔακεδοιιμονίοις
372 2406 418 2466 καλ
426 2413 480 2472 τοῖς
491 2404 638 2484 ξυμμάχοις
645 2402 714 2463 κατά
724 2403 808 2462 ταύτὰ
821 2403 895 2484 ὅρκος
937 2414 1064 2477 quotannis
1072 2418 1194 2464 renovent.
1227 2419 1259 2465 Et
1267 2415 1445 2478 cipposerigant
1453 2416 1602 2479 Olympiaci
1610 2418 1719 2479 Pythom

117 2494 177 2574 πρὸς
187 2495 352 2573 Ἀθηναίους,
394 2495 440 2573 (ιο)
458 2492 502 2552 τὸν
516 2492 543 2551 δὲ
559 2491 635 2572 ὅρκον
649 2495 821 2550 ἀνανεοῦσθαι
835 2491 894 2550 κατ’
937 2505 963 2550 et
972 2501 996 2550 in
1004 2502 1095 2551 isthmo
1102 2502 1233 2551 etAthenis
1242 2503 1266 2550 in
1274 2515 1336 2562 aroc,
1344 2508 1368 2552 et
1378 2503 1547 2552 Lacedaemone
1555 2503 1578 2552 io
1586 2504 1716 2566 Amycloeo.

118 2583 229 2643 ἐνιαυτὸν
243 2583 413 2665 ἀμφοτέρους.
456 2581 561 2653 Στήλας
574 2579 602 2639 δὲ
616 2585 713 2652 στῆσαι
731 2579 896 2656 Ὀλυμπίασι
938 2589 986 2649 (tt)
1002 2589 1027 2638 Si
1040 2589 1190 2651 quidautem
1203 2603 1244 2652 per
1256 2589 1399 2639 oblivionem
1411 2590 1566 2653 praeterierint
1578 2591 1719 2655 utrieunque

119 2670 160 2728 καί
176 2671 260 2731 Πυθοῖ
269 2671 315 2729 καί
323 2671 423 2750 Ἰσθμῷ
437 2669 482 2728 καί
501 2671 527 2726 ἐν
543 2667 659 2739 Ἀθήναις
674 2669 703 2746 ἐν7
718 2667 793 2725 πόλει
807 2667 852 2726 καί
869 2671 896 2727 ἐν
938 2676 968 2725 de
977 2689 1003 2725 re
1010 2689 1164 2739 quacunque,
1175 2676 1200 2725 id
1204 2677 1276 2738 justis
1286 2677 1416 2727 rationibus
1426 2677 1548 2727 utentibus
1557 2678 1720 2740 perjusjuran·

119 2756 494 2838 ΔακεδαίμονιίνἊμυκλαίῳ.
537 2758 580 2833 (ιι)
592 2754 895 2833 &senseresensere
938 2763 1234 2824 dumlieeatutrisqueita
1244 2764 1719 2828 mutarc,utuideatnrutrisqne,Athe-

118 2848 275 2926 ὁποτερονοῦν
302 2845 349 2904 καλ
360 2844 420 2904 ὅτου
440 2844 517 2925 πίρι,
532 2844 617 2921 λύγοις
631 2840 738 2908 δικαίοις
752 2841 896 2923 χρωμένοις
939 2850 1062 2900 niensihus
1073 2855 1098 2900 et
1109 2851 1303 2900 Lacedaemoniis.
1319 2869 1332 2893 ν

119 2930 219 3014 ιύορκον
242 2924 308 2992 εἶναι
327 2934 482 3013 ἀμφοτέροις
503 2929 586 3011 ταύτη
614 2934 764 3008 μεταθεῖναι
788 2929 840 3010 ὅπη
865 2929 896 2987 ἂν

118 3021 179 3100 δοκῇ
188 3020 355 3103 ἀμφοτέροις,
367 3018 508 3092 Ἀθηναίοις
518 3018 563 3077 καί
578 3016 803 3094 Λακεδαιμονίοις.
818 3044 829 3069 n

156 3110 233 3169 xix.
252 3105 343 3190 Ἄρχει
363 3105 391 3167 θλ
413 3110 466 3166 τῶν
487 3106 604 3165 σπονδῶν
623 3105 714 3186 ἔφορος
734 3103 897 3171 Ultimis<
970 3121 1033 3169 xlx.
1052 3119 1204 3181 Magistratus
1219 3123 1300 3169 summ
1313 3125 1350 3168 est
1363 3120 1388 3169 in
1403 3120 1531 3178 imderihus
1547 3120 1662 3172 iaciendis
1673 3121 1720 3172 Pii·

118 3194 276 3277 Ἀρτεμισίου
295 3195 376 3273 μηνθτ
392 3192 505 3274 τετάρτῃ
526 3192 669 3274 φθίνοντος,
687 3194 713 3249 ἐν
734 3190 761 3249 δὲ
781 3190 898 3262 Ἀθήναις
941 3206 1014 3254 stolas
1030 3206 1134 3268 ephorus
1154 3206 1273 3255 Artemisii
1292 3207 1381 3255 mensis
1399 3212 1484 3268 quarto
1502 3212 1558 3257 ante
1577 3208 1648 3258 sanem
1664 3208 1720 3270 die,

119 3282 203 3363 ἅρχων
214 3283 332 3350 Ἀλκαῖος
341 3279 573 3364 Ἐλαφηὸολιῶνος
588 3278 668 3357 μηνὸς
682 3278 744 3357 ἕκτῃ
757 3278 896 3360 φθίνοντος.
942 3293 1040 3342 Athenis
1055 3306 1111 3341 vero
1123 3292 1211 3341 archon
1223 3293 1329 3353 Alcaeus,
1343 3293 1535 3356 Ltaplrebotionis
1546 3296 1637 3344 mensis
1653 3298 1722 3344 seito

119 3372 148 3446 (2)
159 3366 274 3448 Ὦμιυον
285 3369 313 3429 δὲ
323 3369 375 3429 οίδε
386 3370 431 3430 καί
444 3367 609 3440 ἐσπένδοντο,
622 3366 836 3444 Δακεδαιμονίων
850 3365 898 3443 μὲν
941 3386 995 3428 ente
1010 3380 1082 3429 finem
1098 3378 1145 3428 die.
1184 3380 1217 3440 (2)
1234 3380 1352 3429 Jurahant
1367 3385 1447 3429 antem
1464 3380 1589 3443 indosque
1605 3382 1722 3445 perentie-

119 3457 290 3530 Πλειοπὸλας,
305 3457 480 3536 Δαμάγητος,
498 3455 599 3527 Χίονις,
618 3453 785 3532 Μεταγένης,
799 3452 896 3513 ’Δκαν-
941 3467 998 3515 bunt
1007 3466 1181 3516 Lacedaemonii
1191 3467 1288 3529 quidem
1300 3468 1423 3528 Plistolas,
1437 3471 1592 3531 Dsmagetus,
1608 3470 1722 3530 chionis,

118 3548 169 3616 θος,
179 3544 289 3621 Δάῖθος,
300 3545 470 3625 Ἰσχαγύρας,
484 3542 679 3622 Φιλαχαρίδας,
693 3541 898 3613 Ζευξίδας,Ἄν-
941 3558 1086 3615 Metagenes,
1099 3555 1236 3617 Acanthus,
1246 3555 1362 3616 Daithus,
1373 3555 1525 3617 Ischagoras,
1534 3556 1723 3620 Phiioehnridas,

118 3651 222 3701 τιτπος,
233 3630 342 3703 Τέλλις,
356 3629 513 3701 Ἀλωάδας,
525 3628 684 3707 Ἐμπεδίας,
699 3633 807 3700 Μηνᾶς,
820 3627 899 3706 Λάμ-
941 3642 1073 3702 Zeuxidae,
1086 3642 1217 3705 Antippus,
1232 3642 1319 3702 Tellis,
1333 3641 1465 3702 Alcinidas,
1479 3642 1617 3705 Empedias,
1628 3646 1723 3706 Menas,

119 3719 195 3796 φιλος,
204 3718 346 3790 Ἀθηναίων
355 3719 382 3777 δὲ
392 3716 455 3789 οἵδε,
465 3717 596 3796 Λάμπων,
605 3715 783 3794 Ἰσθμιύνικος,
794 3715 897 3789 Νικίας,
941 3729 1090 3791 Lamphilus,
1100 3742 1130 3778 ex
1144 3729 1329 3779 Atheniensibus
1339 3743 1396 3780 vero
1408 3730 1460 3791 isti,
1472 3732 1576 3793 Lampo,
1589 3731 1724 3780 isthmioni·

118 3805 223 3885 Λάχης,
244 3805 416 3883 Εὐθύδημος,
439 3807 574 3886 Προκλῆς,
597 3803 766 3884 Πυθόδωρος,
788 3801 898 3881 Ἅγνων,
941 3831 999 3877 cus,
1015 3818 1107 3879 Nicias,
1120 3817 1226 3878 Laches,
1238 3817 1417 3878 Euthydemus,
1433 3817 1544 3878 Procles,
1556 3817 1723 3879 Puttiodorus,

118 3898 261 3977 Μυρτίλος,
273 3899 442 3979 Θρασυκλῆς,
455 3896 599 3975 Θεογένης,
610 3894 813 3976 Ἀριοτοκοίτης,
824 3895 899 3956 ’ίώλ-
943 3909 1038 3968 Hagno,
1046 3905 1170 3968 Myrtilus,
1179 3906 1336 3968 Thrasyeles,
1346 3905 1494 3968 Theogenes,
1505 3906 1668 3965 Aristocmtes,
1679 3905 1723 3955 loi-

118 4005 180 4055 ιιος,
192 3984 376 4065 Τιμοκράτης,
390 3983 474 4056 Δίων,
491 3983 634 4062 Λάμαχος,
649 3982 824 4059 Δημοσθένης.
942 3993 1007 4054 cius,
1019 3993 1180 4051 Timocrates,
1194 3994 1272 4052 Ιεοιι,
1290 3992 1438 4052 Lamachus,
1448 3991 1630 4041 Demosthenes.

153 4075 218 4134 XX.
240 4064 326 4133 Αἷται
347 4075 375 4130 αἱ
396 4071 505 4130 σπονδαί
527 4069 643 4148 ἐγένοντο
661 4074 830 4136 τελευτῶντος
854 4075 898 4128 τοῦ
974 4083 1027 4129 ΧΧ.
1046 4078 1725 4140 Hacieedcraiuctasunteitremajamhicmesubverit

117 4164 243 4239 χειμῶνος
262 4159 320 4238 ἅμα
335 4152 393 4240 ἦρι,
412 4161 442 4218 ἐκ
457 4158 599 4220 Διονυσίων
617 4157 689 4224 εὐθὺς
704 4161 756 4215 τῶν
775 4160 899 4230 ἀστικῶν,
942 4168 1050 4228 initium,
1074 4169 1156 4218 statim
1176 4167 1207 4215 ab
1226 4166 1323 4216 urbanis
1341 4167 1476 4228 Dionysiis,
1496 4167 1587 4228 integro
1609 4165 1725 4219 decennio

117 4249 243 4308 αύτὸδεκα
253 4250 318 4307 ἐτῶν
331 4246 482 4307 διελθόντων
494 4246 539 4306 καί
551 4249 656 4324 ἡμερῶν
666 4244 759 4323 ὀλίγων
773 4268 901 4325 παρενεγ-
943 4260 1040 4316 exacto,
1051 4256 1072 4305 si
1083 4269 1097 4303 a
1108 4255 1190 4317 paucis
1200 4254 1290 4317 aliquot
1299 4254 1384 4304 diebus
1395 4253 1548 4312 discesseris,
1558 4252 1657 4318 aprime
1667 4256 1725 4306 irru-

117 4341 215 4396 κακῶν
230 4334 247 4406 ἢ
261 4340 297 4404 ώς
308 4336 338 4394 τδ
349 4339 452 4418 πρῶτον
465 4338 482 4406 ἡ
494 4332 591 4405 ἑσὸολὴ
604 4338 621 4405 ἡ
632 4335 657 4400 ἐς
667 4331 714 4404 την
725 4331 844 4404 Ἀττικὴν
856 4330 901 4389 καί
943 4345 1024 4407 ptione
1032 4343 1167 4392 inAtticam
1175 4340 1445 4402 iaetaetohhujushelii
1453 4340 1575 4404 principio.
1587 4342 1620 4404 (2)
1630 4344 1727 4405 Spectet

117 4420 218 4505 ἡάρχὴ
232 4429 278 4484 τοῦ
294 4421 413 4501 πολέμου
428 4425 502 4482 τοῦδε
517 4421 626 4499 ἐγένετο.
670 4422 701 4499 (τ)
717 4419 854 4481 Σκαπείτω
873 4418 902 4477 δέ
944 4436 1024 4481 eutem
1035 4429 1123 4492 aliquis
1132 4429 1265 4479 secundum
1276 4433 1391 4491 tempora,
1402 4433 1482 4479 etnon
1492 4430 1623 4479 secundum
1633 4442 1727 4492 conum,

118 4533 153 4578 τις
164 4509 236 4570 κατίι
245 4509 306 4578 τούς
316 4509 437 4594 χρόνους,
448 4509 494 4569 καί
508 4507 545 4587 μδ,
557 4513 609 4568 τῶν
622 4507 796 4588 ἓκασταχοῶῆ
810 4506 902 4589 ἀρχόν·
944 4519 985 4581 qui
996 4518 1095 4580 singuiis
1106 4517 1130 4566 in
1139 4516 1277 4566 civitatibus
1289 4520 1330 4565 aut
1339 4516 1492 4579 magistratus
1501 4520 1582 4577 gerant
1594 4520 1636 4565 eut
1646 4517 1727 4580 aliquo

119 4621 166 4656 των
179 4596 198 4669 ἢ
210 4598 264 4657 sard
277 4603 356 4676 τιμῆς
368 4598 436 4666 τινὀς
447 4597 495 4670 τὴν
507 4597 686 4678 ἀπαρίθμησιν
699 4599 751 4654 τῶν
765 4596 899 4673 ὀνομάτων
944 4607 1034 4655 honore
1042 4606 1178 4667 iungantur,
1184 4603 1386 4654 enumerationem
1392 4603 1523 4662 nominum,
1528 4613 1583 4663 quae
1588 4605 1726 4651 rerumantc

121 4684 192 4751 ίςτθ
207 4685 420 4766 προγεγενημένα
435 4710 467 4756 οη
511 4685 616 4744 ινόντων
634 4681 775 4750 πιστεύσας
792 4685 901 4761 μᾶλλον.
944 4698 1064 4755 gestamm
1078 4696 1142 4742 notae
1154 4692 1216 4751 sint,
1229 4690 1305 4753 magis
1318 4690 1389 4739 iidem
1404 4689 1503 4738 hahens.
1536 4687 1654 4736 lilaenim
1667 4686 1727 4736 ratio

123 4773 161 4830 Ού
173 4770 226 4852 γίιρ
239 4771 342 4851 άκριὸές
353 4774 432 4845 ἐστιν,
446 4709 542 4839 offleii
557 4769 711 4851 ἀρχομένοις
722 4770 768 4828 καὶ
779 4775 886 4847 μεσοῦσι
893 4814 901 4841 ,
944 4794 992 4830 non
1004 4786 1041 4830 est
1052 4784 1174 4838 accurata,
1190 4779 1268 4828 dicere
1277 4777 1366 4840 quihus
1377 4776 1414 4825 vel
1424 4775 1561 4827 ineuntibus
1574 4773 1612 4823 rei
1627 4774 1727 4834 gerenti·

125 4855 168 4914 ut
180 4857 252 4924 ὅπως
267 4857 356 4938 ἔτυχέν
369 4883 419 4941 τῳ,
435 4856 570 4937 ἐπεγένετά
583 4880 617 4916 τι.
659 4859 689 4934 (a)
706 4856 785 4918 Κατὰ
800 4856 860 4937 θέρη
875 4855 903 4915 δὲ
944 4869 991 4918 hus
1006 4867 1112 4917 medium
1129 4867 1307 4929 magistratum,
1326 4862 1486 4925 velqnahhet
1503 4861 1669 4917 adiuratione,
1688 4873 1728 4910 res

128 4942 171 4998 καλ
183 4947 314 5021 χειμῶνας
331 4948 454 5025 δριθμῶν,
472 4945 560 5027 ῶσπερ
576 4943 736 5026 γέγραπται,
755 4942 858 5024 εὑρήσει
877 4943 903 5012 ἐξ
945 4966 1049 5016 quaeque
1064 4956 1132 5014 gesta
1148 4951 1187 5000 sit.
1221 4951 1254 5012 (³)
1271 4949 1318 5000 sed
1334 4950 1354 4999 si
1370 4963 1411 5012 per
1428 4953 1525 5007 aesmtes
1540 4952 1566 4997 et
1581 4948 1671 4997 triennes
1686 4959 1728 4996 nu·

133 5027 251 5102 ἡμισείας
268 5029 385 5109 ίκατίρου
401 5037 444 5091 τοῦ
460 5032 577 5090 ίνιαυτοῢ
592 5031 639 5103 τὴν
655 5030 764 5108 δύναμιν
784 5030 901 5110 ἔχοντος,
946 5045 1068 5103 meret,ut
1078 5039 1253 5102 scriptumest,
1263 5051 1292 5087 ex
1303 5035 1667 5087 hisamhabusdimidiatisanni
1677 5046 1728 5099 pat*

1585 5137 1616 5175 ιι.
