3676 5828
82 303 88 312 '
168 310 220 364 ³02
853 293 1089 355 TllUCYlllDlS

165 431 297 509 ὁρμοῦσαν
312 426 338 483 ἐν
353 425 424 505 (liusq
438 426 471 503 τῇ
485 419 597 483 Ἠλείων
609 415 729 502 [εὑρών],
741 422 769 478 ἐν
782 412 801 498 ᾗ
814 423 837 480 οἱ
853 420 949 502 Κορίν-
992 430 1059 479 Phiae
1075 430 1186 480 Eleorum
1198 431 1223 480 in
1238 432 1340 482 statione
1354 433 1456 496 positam
1471 431 1587 498 [nactus],
1599 436 1624 484 in
1635 448 1685 499 qna
1700 437 1784 498 grauis

165 518 216 572 θισι
235 513 342 571 ὁπλῖται
360 512 385 576 ἐς
405 507 453 580 τλν
477 506 601 568 Σικελίαν
627 506 737 585 ἔμελλον
762 511 949 590 περαιοῦσθαι,
992 518 1214 568 armaturaemilitss
1222 518 1783 588 Ourintltiiinsiciliarneranttrajccturi,ipsam

167 600 248 673 αθτλν
260 599 308 678 μὲν
322 596 477 680 διαφθείρει,
488 599 512 654 οἱ
523 595 545 654 δ’
559 594 649 676 ἀνδρες
659 594 834 673 ἀποφυγόντες
843 592 950 676 ὕστερον
992 605 1090 668 quidem
1100 607 1219 669 corrupit,
1228 608 1273 656 viri
1284 621 1340 658 vero
1349 609 1438 672 elapsi,
1448 614 1473 660 ct
1482 624 1538 659 mox
1549 610 1619 660 aliam
1629 613 1696 661 nacti
1703 618 1783 663 trans·

165 686 289 753 λαῦόντες
307 685 388 758 ἀλλην
410 683 512 744 ἔπλεον.
554 684 584 761 (a)
598 683 652 744 Καὶ
671 682 737 761 μετὰ
757 688 834 742 τοῦτο
855 679 950 762 ἀφικό-
993 695 1117 744 miserunt.
1151 695 1185 759 (t)
1202 699 1233 746 Et
1249 700 1332 759 postea
1343 698 1517 748 Demosthenes
1531 699 1554 747 in
1565 700 1782 763 zacynthumprn·

167 794 241 852 μενος
255 778 270 831 ό
281 771 450 850 Δημοσθένης
463 773 489 838 ἐς
499 768 547 842 τλν
561 770 692 830 Ζάκυνθον
704 769 750 829 καί
763 768 950 850 Κεφαλληνίαν
993 780 1071 831 lectus
1080 785 1104 831 et
1112 784 1137 830 ln
1148 782 1340 845 Cephalleniam,
1351 788 1375 832 et
1386 784 1451 834 illinc
1461 785 1540 847 gravis
1553 792 1682 837 armaturae
1691 788 1783 838 milites

166 859 274 928 ὁπλίτας
282 884 311 919 τε
324 858 460 942 naptha&
474 857 520 917 καί
534 859 565 916 ἔκ
575 861 620 929 τῆς
632 857 794 917 Ναυπάκτου
806 860 858 915 τῶν
873 859 951 915 Μεσ-
994 869 1137 932 assumpsit,
1147 873 1171 919 et
1180 871 1311 921 Messenios
1318 875 1442 935 Naupacto
1451 874 1587 934 arcessivit,
1596 879 1669 937 atqua
1678 875 1783 940 iuoppo

168 949 263 1022 σηνίων
273 948 474 1029 μετεπέμψατο,
486 946 531 1004 καί
542 946 567 1011 ἐς
580 943 628 1015 τὴν
638 944 777 1025 ἀντιπέρας
785 943 892 1026 ἤπειρον
905 946 952 1014 τῆς
994 955 1065 1005 sitam
1077 958 1214 1007 Acarnania}
1231 959 1392 1009 continentem
1407 960 1511 1023 trajecit,
1523 967 1548 1010 et
1563 962 1672 1024 Alyziam
1683 967 1709 1012 et
1720 969 1783 1013 Ana·

166 1035 336 1120 Ἀκαρνανίας
355 1034 446 1106 διέόη,
465 1032 622 1101 ἐςἈλυζίαν
635 1056 665 1091 τε
685 1033 730 1092 καὶ
747 1029 952 1114 Ἀνακτόριον,θ
994 1044 1112 1106 ctorium,
1132 1044 1198 1107 quod
1218 1046 1264 1109 ipsi
1285 1047 1442 1097 Athenienses
1460 1048 1581 1098 tencth
1616 1050 1649 1111 (3)
1669 1052 1784 1101 versanti

167 1125 241 1185 αὐτοὶ
255 1115 335 1205 εἶχον.
379 1125 410 1201 (a)
424 1118 503 1182 Ὄντι
518 1121 539 1178 δ’
552 1123 624 1201 αὐτῷ
635 1120 696 1202 περὶ
706 1125 789 1178 ταῦτα
804 1123 818 1178 ό
831 1117 952 1198 Εὐρυμέ-
995 1133 1076 1179 autem
1096 1131 1119 1181 ei
1136 1132 1199 1181 circa
1213 1133 1266 1182 hac
1282 1133 1333 1182 loca
1350 1136 1453 1185 occurrit
1471 1136 1640 1198 Eurymedon,
1655 1151 1687 1186 ex
1701 1139 1783 1188 Sicilia

167 1216 218 1273 δων
234 1215 339 1293 ἀπαντᾷ
358 1214 388 1270 ἐκ
404 1216 450 1282 τῆς
469 1208 592 1275 Σικελίας
608 1208 758 1280 ἀποπλέων,
780 1207 807 1274 ὃς
827 1206 887 1266 τότε
906 1211 951 1264 τοῦ
996 1230 1117 1278 remeans,
1129 1220 1171 1281 qui
1184 1220 1275 1276 hieme,
1295 1226 1321 1270 ut
1336 1222 1451 1285 praedixi,
1468 1237 1524 1272 eum
1536 1225 1650 1286 pecunia,
1661 1239 1737 1288 quam
1752 1225 1783 1276 ad

167 1304 295 1380 χειμῶνος
310 1299 344 1358 τὰ
357 1299 484 1379 χρήματα
503 1295 573 1375 ἄγων
589 1301 621 1377 τῇ
637 1305 749 1378 στρατιᾷ
772 1293 950 1374 ἀπέπεμφθη,
995 1306 1126 1354 exercitum
1136 1306 1234 1369 screbat,
1241 1308 1330 1357 missus
1338 1314 1395 1368 erat,
1403 1315 1427 1358 ct
1436 1311 1532 1359 nuntiat
1539 1324 1614 1374 quum
1622 1312 1723 1375 reliqua,
1733 1319 1783 1363 turn

167 1387 214 1459 καί
230 1385 351 1466 ἀγγέλλει
364 1385 398 1444 τά
412 1409 441 1444 τε
458 1385 525 1444 ἄλλα
540 1384 585 1443 καλ
603 1382 643 1442 ότι
661 1382 768 1442 πύθοιτο
786 1381 856 1442 κατθι
870 1384 952 1440 πλοῦν
995 1393 1173 1454 etiamsolum
1184 1394 1269 1457 inipso
1278 1396 1435 1457 navigationis
1446 1398 1625 1448 cursuaudisse
1635 1401 1784 1463 Plemyrium

167 1475 219 1549 ἤδη
233 1473 269 1534 ὢν
284 1474 315 1534 τδ
328 1471 482 1553 Πλημόριον
503 1473 554 1531 ὑπὸ
571 1475 623 1530 τῶν
641 1470 811 1553 Συρακοσίων
826 1467 951 1535 ἑαλωκός.
996 1482 1309 1545 aspracusanisreceptum.
1328 1484 1669 1545 (t)l‘raetereaaduenitetiam
1677 1489 1784 1538 conoad

170 1566 201 1643 (ι)
226 1563 382 1638 Ἀφικνεῖται
396 1560 424 1620 δέ
446 1559 491 1620 καί
510 1557 601 1621 Κόνων
625 1559 688 1641 παρ’
711 1558 817 1635 αὐτούς,
838 1558 865 1625 ὃς
887 1549 953 1637 ἦρχε
996 1569 1102 1631 oos,qui
1112 1573 1234 1634 Naupacto
1241 1575 1349 1632 praeerat,
1360 1572 1482 1632 nuntians,
1490 1573 1657 1634 quinqueitlas
1668 1576 1783 1638 etviginti

169 1650 350 1726 Ναυπάκτου,
373 1647 509 1728 ἀγγέλλων
532 1646 572 1706 ότι
592 1651 619 1705 αί
637 1645 714 1706 πέντε
728 1646 774 1705 καὶ
792 1645 875 1705 είκοσι
895 1651 954 1718 νῆες
997 1656 1173 1706 corinthiorum
1185 1671 1273 1720 naves,
1283 1672 1338 1720 quae
1347 1660 1371 1708 in
1381 1660 1483 1709 statione
1495 1659 1540 1709 sihi
1552 1661 1663 1724 opposita
1674 1663 1783 1722 stabant,

168 1742 221 1798 τῶν
237 1737 380 1820 Κορινθίων
394 1739 421 1795 αἱ
434 1735 521 1817 σφίσιν
534 1737 710 1816 ἀνθορμοῦσαι
721 1734 780 1793 οὔτε
793 1732 954 1793 καταλύουσι
997 1756 1074 1806 neque
1084 1744 1146 1794 hollo
1157 1743 1273 1796 desistere
1283 1750 1308 1796 ct
1319 1746 1429 1809 proelium
1441 1749 1525 1798 navale
1533 1750 1704 1799 commissuras
1715 1763 1783 1811 essm

168 1826 212 1886 τὸν
236 1825 351 1903 πόλεμον
376 1826 522 1903 ναυμαχεῖν
543 1845 571 1880 τε
596 1820 744 1899 μελλουσιν·
769 1820 884 1899 πέμπειν
909 1812 953 1880 οῦν
998 1845 1071 1894 quare
1082 1845 1124 1882 eos
1136 1846 1210 1885 naves
1220 1833 1252 1883 ad
1261 1847 1287 1885 sc
1298 1836 1394 1885 mittere
1402 1836 1516 1898 iubebat,
1526 1837 1591 1900 quod
1603 1850 1655 1887 suae
1667 1837 1782 1888 duodevi-

169 1912 288 1974 ἐκέλευεν
298 1911 392 1980 αθτοθς
402 1917 476 1984 ναῦς,
489 1914 524 1977 ὡς
536 1911 586 1989 οὐχ
598 1908 689 1976 ἱκανὰς
702 1909 782 1977 οῦσας
795 1910 864 1968 δυοῖν
882 1907 956 1967 δεού-
998 1919 1057 1980 giuti
1069 1920 1172 1983 impares
1181 1927 1261 1972 essent
1273 1922 1302 1971 ad
1314 1923 1489 1985 confligendum
1498 1937 1555 1973 cum
1564 1925 1671 1975 hostium
1678 1927 1784 1989 malaque

169 2026 218 2071 σας
236 2002 318 2062 εἴκοσι
333 2000 380 2069 τὰς
394 2003 492 2060 ἑαυτῶν
509 1997 573 2080 πρὸς
589 1998 636 2065 τὰς
650 1997 753 2057 ἐκείνων
764 1997 842 2056 πέντε
856 1996 902 2056 καί
915 1997 955 2055 εί·
998 2011 1024 2058 et
1034 2007 1116 2072 viginti
1128 2009 1240 2060 navlhus.
1274 2010 1307 2073 (5)
1320 2012 1493 2062 Demosthenes
1503 2012 1574 2075 igitur
1585 2016 1610 2064 et
1626 2014 1782 2076 Eurymedon

169 2114 228 2151 κοσι
241 2089 396 2167 ναυμαχεῖν.
439 2087 472 2166 (ο)
486 2089 535 2167 Τῷ
551 2084 597 2164 μὲν
612 2076 656 2145 οῦν
670 2084 771 2146 Κόνωνι
787 2083 851 2144 δέκα
864 2087 955 2150 ναῦςδ
999 2096 1084 2148 decem
1094 2097 1257 2148 velocissimas
1265 2112 1295 2149 οκ
1306 2098 1418 2162 lis,quas
1426 2099 1473 2161 ipsi
1482 2099 1679 2160 habehant,mm
1687 2104 1786 2152 conone

169 2176 339 2256 Δημοσθένης
349 2175 419 2234 καίδ
432 2173 592 2256 Εὐρυμέδων
605 2172 651 2239 τάς
663 2172 759 2255 ἀριστα
773 2173 847 2254 σφίσι
860 2171 956 2233 πλεσύ-
1000 2185 1116 2236 miserunt
1123 2186 1153 2236 ad
1161 2186 1287 2254 illas,quae
1296 2189 1412 2250 Naupacti
1421 2193 1502 2248 erant3
1513 2187 1558 2250 ipsi
1565 2189 1653 2237 veroin
1663 2189 1740 2252 copiis
1748 2203 1786 2241 συ

170 2289 218 2334 σας
234 2264 277 2345 ἀφ’
292 2256 328 2324 ῶν
347 2263 422 2323 αὐτοὶ
438 2253 509 2342 εἶχον
529 2259 714 2339 ξυμπέμπουσι
731 2259 795 2342 πρδς
813 2258 861 2328 τλς
879 2263 905 2320 ἐν
922 2265 955 2340 τῇ
1000 2274 1083 2336 gaudis
1090 2274 1260 2337 vussbantur;
1272 2280 1345 2339 atquc
1354 2276 1508 2338 Eurymedon
1519 2275 1785 2341 quidemincmcyrtnr

170 2352 335 2432 Ναυπάκτῳ·
347 2350 421 2410 αὐτοὶ
434 2348 462 2408 δέ
472 2349 506 2408 τδι
514 2349 575 2431 περὶ
586 2353 632 2421 τῆς
643 2356 767 2429 στρατιᾶς
777 2347 821 2408 τόν
833 2347 956 2429 ξύλλογον
1001 2362 1121 2425 proiectus
1134 2362 1208 2424 jussit
1217 2364 1283 2426 ipsos
1294 2365 1413 2415 instruere
1422 2366 1558 2429 quindecim
1574 2379 1662 2427 naves,
1672 2373 1697 2418 et
1707 2369 1786 2431 gravia

171 2440 356 2520 ἡτοιμάζοντο,
368 2437 528 2520 Εὐρυμέδων
540 2437 587 2516 μὲν
598 2439 623 2504 ἐς
635 2435 682 2509 τὴν
695 2436 833 2517 Κέρκυραν
842 2436 958 2505 πλεύσας
1001 2454 1128 2501 armaturae
1143 2451 1231 2502 milites
1247 2452 1340 2515 legebat
1352 2453 1414 2515 (jam
1426 2453 1490 2503 cnhn
1501 2467 1550 2503 una
1558 2467 1614 2504 cum
1625 2457 1788 2508 Demosthem

171 2528 217 2588 καλ
230 2525 417 2587 πεντεκαίδεκά
429 2549 457 2584 τε
469 2531 531 2592 ναῦς
541 2526 658 2604 πληροῦν
670 2522 796 2591 κελεύσας
807 2523 899 2591 αὐτοὺς
911 2523 958 2582 καί
1002 2538 1128 2602 imperium
1139 2540 1236 2603 gerebat
1247 2550 1370 2601 reversus,
1380 2541 1583 2604 quemadmodum
1594 2544 1666 2594 etiam
1678 2544 1788 2595 delectus

171 2615 279 2682 θπλίτας
298 2612 506 2691 καταλεγόμενος
518 2611 643 2691 (ξυνῆρχε
661 2609 712 2692 γὰρ
729 2611 781 2683 ἤδη
796 2610 958 2691 Δημοσθένει
1002 2628 1518 2692 emt)‚p0mosffiwfflvem011001⁸‚quae
1528 2630 1620 2681 dmm,
1630 2633 1789 2684 mmmm

172 2699 402 2782 ἇππραπόμῑνθςι
412 2697 503 2780 ὥσπῑρ
517 2699 563 2759 καί
580 2698 688 2780 ᾑρέθη),
702 2698 872 2776 Δημοσθένης
886 2697 908 2757 δ’
927 2703 958 2759 ἔκ
1002 2720 1083 2778 erant,
1093 2716 1225 2768 funditores
1237 2722 1261 2768 et
1270 2717 1413 2780 iaculatores
1424 2718 1532 2781 cogebat.

171 2793 224 2850 τῶν
237 2788 297 2870 περὶ
311 2786 358 2860 τὴν
374 2785 544 2868 Ἀκαρνανίαν
559 2784 664 2868 χωρίων
678 2786 853 2862 σφενδονήτας
870 2809 898 2845 τε
912 2785 959 2845 καί

173 2874 326 2944 ἀκοντιστάς
337 2875 504 2955 ξυναγείρων.

213 2966 336 3026 XXXII.
358 2965 393 3024 Οί
409 2962 431 3021 δ’
445 2964 475 3021 ἐκ
492 2965 543 3021 τῶν
563 2964 741 3043 Συρακουσῶν
756 2962 815 3022 τότε
829 2960 897 3040 μετὰ
910 2959 958 3033 τὴν
1034 2964 1130 3011 XXXII·
1146 2966 1178 3012 Δί
1187 2965 1392 3025 Syracusanorum
1406 2962 1490 3026 legati,
1503 2963 1560 3027 qul,
1571 2963 1724 3028 utpreedixl,
1735 2969 1790 3029 post

174 3059 218 3113 τοῦ
233 3049 391 3130 Πλημυρίου
406 3049 505 3109 ἀλωσιν
519 3048 641 3128 πρίσῦεις
655 3048 788 3129 οἰχόμενοι
803 3052 830 3118 ἐς
847 3048 895 3118 τὰς
907 3048 959 3109 πό·
1004 3047 1151 3111 Plemyrium
1173 3052 1336 3111 ‘lullssssdfflm
1357 3049 1466 3100 civitam
1483 3050 1604 3112 adierunt»
1626 3065 1702 3116 mum
1724 3053 1790 3116 1111011

174 3144 227 3209 λαις
241 3140 331 3212 ἐπειδὴ
344 3137 451 3199 ἔπεισάν
464 3162 493 3197 τε
504 3136 551 3198 καί
563 3137 757 3220 ξυναγείραντες
769 3138 877 3216 ἔμελλον
890 3136 960 3207 ἀξειν
1004 3135 1132 3200 Ρθῑθθᾶθῑι
1146 3137 1176 3186 ίίῦ
1193 3137 1382 3200 Ρθΐδθὸὅῑῦθθῦῑι
1400 3142 1426 3189 θῑ
1442 3140 1537 3202 0⁰l¹i⁸⁸2
1551 3152 1614 3203 (1⁰⁸⁸
1632 3140 1790 3203 mlledimi,

174 3226 219 3287 τόν
238 3226 359 3311 στρατόν,
380 3230 395 3286 δ
415 3224 509 3293 Νικίας
528 3225 726 3307 προπυθόμενος
746 3225 846 3304 πέμπει
864 3228 889 3293 ἐς
908 3228 960 3284 τῶν
1004 3224 1790 3291 SlfflfflmfflffllducmfisNffssidsssluunlffifflPfaessflflsslssffls

177 3317 295 3377 Σικελῶν
307 3313 367 3383 τοὺς
377 3313 425 3386 τλν
437 3314 522 3374 δίοδον
534 3313 644 3394 έχοντας
654 3313 700 3373 καί
711 3312 785 3394 σφίσι
795 3311 961 3393 ξυμμάχους,
1005 3313 1080 3362 mittit
1091 3311 1123 3361 ad
1131 3312 1185 3362 illos
1195 3312 1302 3375 Siculos,
1317 3314 1359 3376 qui
1371 3314 1497 3364 transitum
1509 3314 1624 3364 tenebant
1634 3319 1659 3365 et
1674 3315 1722 3365 sihi
1733 3317 1791 3366 socii

176 3401 338 3484 Κεντόρςπᾶς
355 3425 384 3460 τε
401 3400 448 3461 καί
467 3400 628 3468 Ἀλιιωαίους
647 3400 693 3461 καλ
709 3401 817 3472 ἄλλους,
833 3398 961 3477 ὅπωςῗμὴ
1005 3404 1088 3461 mant,
1104 3400 1245 3463 Centuripas
1262 3405 1288 3451 et
1303 3401 1422 3464 Alicyaeos
1441 3407 1465 3452 el
1481 3402 1555 3464 alios,
1571 3415 1602 3453 lle
1619 3402 1732 3454 hostibus
1748 3404 1792 3454 ilat·

176 3490 348 3572 διαφρήσουσι
362 3487 421 3555 τοὺς
434 3487 574 3566 πολεμίους
588 3487 657 3547 ἀλλὰ
672 3487 858 3569 ξυστραφέντες
872 3485 961 3546 κωλό-
1005 3488 1128 3553 proebuanl
1137 3488 1321 3552 sedoongregatt
1330 3489 1707 3552 prohibeant3aliaenimviaeos
1717 3495 1792 3541 trans·

177 3600 251 3638 σουσι
264 3580 380 3636 διελθεῖν·
393 3576 461 3654 άλλη
475 3575 526 3656 γάρ
538 3575 631 3642 αὐτοῦς
642 3574 701 3634 οὐδὲ
712 3573 855 3655 πειράσειν·
869 3576 962 3657 Ἀκρα-
1006 3577 1041 3627 ile
1057 3589 1088 3626 1¹8
1102 3581 1230 3626 conaturos
1245 3577 1359 3641 liuidum
1377 3578 1522 3641 Agrigentini
1542 3578 1606 3627 culm
1626 3578 1672 3629 iter
1695 3579 1727 3628 tis
1750 3592 1793 3643 per

180 3668 295 3744 γαντῖνοι
308 3663 359 3746 γὰρ
374 3667 421 3723 οῦκ
435 3663 554 3723 ἐδίδοσαν
568 3661 612 3721 ht
630 3667 678 3734 τῆς
692 3666 792 3722 ἑαυτῶν
806 3661 874 3722 δδόν.
923 3664 962 3742 (α)
1007 3677 1078 3713 suum
1090 3664 1338 3726 ugrumuondabaut.
1372 3665 1792 3729 (mouumautemstcuieneesjam

179 3751 369 3834 Πορευομένων
384 3753 407 3810 δ’
421 3752 472 3823 ἤδη
486 3755 538 3810 τῶν
552 3752 721 3811 Σικελιωτῶν
740 3754 764 3810 οῖ
779 3749 884 3811 Σικελοί
889 3796 897 3823 ‚
911 3775 963 3810 κα.
1007 3752 1032 3802 iu
1042 3751 1081 3801 via
1090 3756 1185 3814 esseut,
1197 3751 1284 3812 Siculi,
1295 3752 1500 3815 quemadmodum
1510 3753 1737 3804 thllmnlensiblts
1743 3766 1793 3804 tin·

179 3841 263 3921 θάπερ
273 3838 376 3899 ἐδέοντο
389 3841 413 3897 ul
426 3838 569 3911 Ἀθηναῖοι,
582 3837 688 3919 ἐνέδραν
702 3837 760 3897 τινὰ
774 3839 877 3918 [τριχῇ]
887 3862 965 3912 uasa·
1008 3839 1104 3901 hautun,
1114 3839 1202 3903 [trihus
1213 3840 1238 3888 in
1249 3839 1317 3904 locis]
1330 3840 1429 3890 insidias
1441 3841 1600 3902 collocarunt,
1610 3846 1635 3890 et
1645 3841 1701 3892 illos
1710 3843 1792 3894 lucau

180 3928 307 4004 σάμενοι,
333 3925 491 4007 ἀφυλάκτοις
515 3948 545 3984 τε
571 3925 617 3985 καλ
643 3924 764 4006 ἐξαίφνης
789 3924 965 4003 ἐπιγενόμενοι
1010 3933 1046 3977 tos
1064 3932 1088 3976 ct
1108 3941 1138 3977 ex
1161 3929 1293 3990 improviso
1311 3929 1417 3990 aggressi
1436 3929 1466 3978 ad
1487 3929 1637 3990 octingentos
1659 3929 1737 3980 terme
1757 3943 1795 3979 oc·

182 4011 329 4092 διέφθειραν
343 4014 369 4078 ἐς
382 4009 552 4077 ὀκτακοσίους
567 4009 698 4087 μάλιστα,
712 4010 758 4070 καί
772 4009 966 4092 τοθςπρέσῦεις
1008 4015 1132 4077 ciderunt,
1159 4028 1291 4079 omnesque
1311 4015 1415 4078 legatos,
1432 4021 1519 4079 prater
1533 4030 1609 4067 unum
1625 4017 1795 4080 Corinthium

180 4099 252 4171 πλὴν
266 4100 322 4166 ἑνὸς
335 4104 380 4159 τοῦ
395 4096 532 4178 Κορινθίου
545 4097 654 4165 πάντας·
669 4089 742 4166 οὗτος
755 4095 783 4157 δέ
798 4097 857 4166 τοὺς
871 4101 965 4180 διαφυ-
1010 4103 1118 4153 hisvero
1129 4116 1184 4164 cos,
1196 4104 1238 4166 qni
1249 4103 1323 4167 elapsi
1338 4108 1408 4164 sunt,
1419 4104 1450 4155 ad
1460 4105 1526 4155 mille
1537 4110 1561 4156 et
1572 4105 1717 4168 quingentos
1729 4108 1797 4168 Syn·

180 4188 275 4269 γάντας
294 4190 320 4255 ἐς
340 4184 524 4253 πεντακοσίους
543 4185 589 4245 καὶ
610 4183 710 4262 χιλίους
731 4185 852 4265 ἐκόμισεν
875 4190 902 4254 ἐς
921 4186 967 4255 τὰς
1010 4205 1081 4243 cusas
1092 4191 1202 4242 deduxit.

183 4274 364 4357 Συρακούσας.

223 4367 352 4426 XXXlll.
371 4360 427 4424 Καὶ
439 4361 500 4443 περὶ
511 4360 557 4429 τδς
569 4360 651 4430 αῦτδις
661 4360 763 4442 ἡμέρας
776 4362 822 4423 καὶ
833 4365 856 4422 οῖ
869 4367 968 4440 Καμα-
1042 4371 1151 4419 lllllllll.
1168 4372 1198 4419 Et
1206 4382 1247 4430 per
1256 4368 1353 4418 eosdem
1360 4368 1413 4418 dies
1421 4368 1563 4419 camarinam
1571 4368 1643 4417 etlam
1650 4366 1798 4429 adveniunt,

186 4454 279 4535 ριναῖοι
302 4455 471 4533 ἀφικνοῦνται
496 4453 582 4517 αὐτοῖς
607 4455 776 4531 βοηθοῦντες,
802 4450 968 4510 πεντακόσιοι
1011 4455 1653 4520 qttiopemiisterebant,qulngentigravisarmaturae
1663 4455 1800 4516 milites,ct

186 4539 234 4619 μέν
257 4541 380 4613 ὁπλῖται,
405 4537 550 4621 τριακόσιοι
574 4537 602 4598 δέ
624 4538 777 4599 ἀκοντισταί
799 4539 845 4597 καί
866 4538 968 4607 τοξόται
1013 4545 1112 4595 trecenti
1119 4544 1270 4606 jaculatores,
1281 4543 1428 4606 totidemque
1441 4543 1688 4605 sagittarii.hliserunt
1698 4541 1799 4593 etudoi

185 4628 339 4710 τριακόσιοι.
381 4625 526 4708 Ἐπεμψαν
540 4628 567 4686 δὲ
583 4626 628 4685 καὶ
644 4629 669 4686 οἱ
689 4629 788 4708 Γελῷοι
806 4626 927 4685 ναυτικόν
941 4651 970 4685 τε
1012 4631 1148 4693 remigesad
1155 4632 1261 4695 quinque
1268 4632 1532 4691 navessullicientes,et
1537 4630 1681 4692 jacillatorcs
1689 4628 1801 4692 quadrin-

186 4716 213 4783 t<
227 4713 304 4774 πέντε
318 4721 380 4782 ναῦς
392 4713 438 4773 καί
454 4713 607 4782 ἀκοντιστὰς
621 4715 802 4794 τετρακοσίους
816 4715 860 4773 καὶ
875 4714 970 4780 ἱππέας
1013 4726 1097 4782 gentos
1106 4724 1130 4769 ct
1140 4720 1234 4783 equites
1243 4719 1367 4768 ducentos.
1402 4720 1436 4779 (2)
1448 4723 1502 4768 lam
1512 4719 1576 4767 enim
1585 4718 1665 4767 omnis
1675 4730 1800 4780 propemo-

187 4800 342 4869 διακοσίους.
385 4802 415 4878 (ε)
436 4797 538 4880 Σχεδὸν
551 4801 603 4883 γάρ
621 4825 647 4859 τι
665 4802 716 4875 ἤδη
738 4806 843 4872 πᾶσαὴ
861 4801 970 4861 Σικελία
1013 4807 1073 4857 dum
1082 4807 1160 4858 sicilia
1170 4811 1256 4870 prater
1266 4807 1431 4868 Agrigentinos
1439 4807 1474 4869 (hi
1484 4806 1547 4857 enim
1560 4806 1739 4865 inneutrornm
1749 4818 1802 4869 pm·

187 4887 258 4960 πλὴν
270 4885 475 4967 Ἀκραγαντίνων
491 4882 570 4965 (οῦτοι
583 4889 605 4946 δ’
620 4886 678 4946 οὐδὲ
693 4892 750 4965 μεθ’
766 4886 859 4968 ἑτέρων
872 4880 970 4968 ἦσαν),
1015 4895 1080 4945 tibus
1089 4896 1165 4957 mant)
1180 4894 1300 4956 adjunctis
1310 4896 1383 4944 etiam
1395 4894 1481 4944 ceteris
1492 4897 1574 4943 eontra
1582 4893 1744 4943 Athenienses
1759 4894 1803 4956 Sy·
1819 4901 1825 4916 ·

189 4979 213 5035 υί
229 4976 251 5032 δ’
267 4975 343 5034 ἄλλοι
361 4973 406 5034 ἐπί
419 4972 478 5042 τοθς
492 4975 640 5049 Ἀθηναίους
654 4975 721 5053 μετὰ
733 4979 786 5035 τῶν
802 4975 971 5057 Συρακοσίων
1015 4983 1307 5046 racusanorumsocietati,
1316 4982 1358 5045 qui
1368 4986 1437 5033 auten
1444 4983 1479 5034 rei
1486 4987 1599 5034 stantum
1607 4980 1804 5045 speculabantur,

190 5065 215 5121 οί
228 5061 352 5144 πρότερον
367 5061 555 5143 περιορώμενοι
569 5061 707 5132 ξυστάντες
719 5061 852 5134 ἐίονίθουν.
1017 5070 1133 5122 auxilium
1144 5071 1258 5122 terebant
