3676 5828
188 380 243 433 ιιι
784 366 953 428 scfloLlA.
974 363 1025 439 Vl,
1047 370 1168 426 ιιι-ευ.

187 496 288 558 καὶτοῦ
303 496 400 578 τρόπου
413 499 488 573 ήμῶν
500 495 517 554 ό
527 520 552 554 τι
567 495 598 555 δν
612 499 672 572 ὑμῖν
687 493 821 576 συμφέρῃ,
834 494 918 575 τούτῳ
929 498 966 575 τῷ
1007 491 1051 551 ἰνα
1066 491 1241 572 Συρακούσιοί
1252 491 1296 565 τε,
1311 491 1405 559 εἰδότες
1418 494 1466 551 οὐκ
1480 492 1643 568 ἀμελοῦντας
1659 494 1726 568 ὑμᾶς
1741 493 1785 550 αῦ-

189 587 261 668 μέρει
269 586 413 666 χρήσασθε.
428 620 468 631 -
481 584 528 656 Μή
543 584 643 649 πάντας
666 587 693 642 ἐν
706 583 756 664 ἴσῳ
773 586 814 662 βλ.
830 583 913 662 αὐτά]
931 582 968 661 μὴ
1007 582 1075 652 τῶν,
1100 579 1137 656 μή
1160 577 1380 659 προςχωρήσωσιν
1400 578 1555 651 Ἀθηναίοις,
1579 577 1627 637 καί
1650 577 1786 651 Ἀθηναῖοι,

187 674 288 739 πάντας
301 671 395 750 ὁμοίοις
406 671 523 744 δηλονότι
540 669 701 751 βλάπτεσθαι
715 671 765 728 ύπδ
779 675 825 742 τῆς
839 668 969 748 ἡμετέρας
1009 665 1145 733 Δικελείας
1165 665 1380 744 ἐπιτειχισθείσης
1403 665 1577 741 κακούμενοι,
1603 662 1642 740 μὴ
1666 664 1784 741 πέμπωσι

189 758 441 840 πολυπραγμοσύνης
451 757 497 817 καί
507 763 552 816 τοῦ
563 757 673 837 τρόπον.
684 792 724 801 -
735 777 756 816 ε.
769 757 816 816 Ἔν
827 755 906 814 παντί
918 754 968 836 γάρ
1011 753 1131 831 βοήθειαν
1143 757 1178 821 εἰς
1192 752 1325 815 Σικελίαν.
1339 789 1380 800 -
1395 775 1415 814 ε.
1431 756 1471 814 Οὐ
1486 755 1722 832 διαπεπειρῦσθαι]
1734 754 1784 811 πεῖ-

163 861 175 900 ο
190 856 240 913 ,τᾶς
255 847 304 925 ...]
319 847 366 906 Ἐν
381 845 452 917 πάση
467 845 517 923 γὰρ
532 850 580 923 γῇ,
595 844 640 902 καί
654 836 686 915 ἤς
699 846 747 902 οῦκ
759 843 890 922 ἄρχομεν,
905 841 969 900 οἵτε
1010 864 1057 921 ραν
1076 844 1123 900 οὐκ
1144 840 1286 921 εἰληφέναι.
1309 875 1350 886 -
1363 861 1386 902 7.
1408 841 1443 901 ‘fl
1463 840 1555 921 χώρα]
1570 843 1624 899 τῶν
1640 839 1805 911 Ἀθηναίωκε

189 931 397 998 ε’πεάουλεύοντες
411 911 464 999 τοίς
478 930 560 998 πέλας
576 931 621 988 καί
635 934 659 989 οἱ
673 929 829 1011 φοόούμενοι
842 929 968 1001 ἐκείνους,
1008 962 1049 972 -
1066 927 1121 988 Καί
1134 927 1182 987 όσα
1202 927 1254 987 ἀπὸ
1271 931 1320 1006 γῆς
1339 928 1385 986 καί
1399 927 1574 1007 δικαστηρίων
1588 933 1682 999 νῦν...]
1699 914 1787 999 ἐζήτη-

190 1018 232 1078 διδ
238 1019 268 1078 τδ
276 1018 418 1099 ἀμφότεροι
428 1018 614 1099 προςδίχεσθαι
622 1017 673 1089 τήν
682 1017 813 1099 ἡμετέραν
823 1015 866 1075 διδ
874 1015 970 1096 τάχους
1009 1037 1053 1073 ται
1070 1019 1143 1093 πῶς,
1157 1014 1297 1082 Δεκελείας
1306 1015 1540 1094 ἐπιτειχιζομένης,
1555 1013 1668 1092 ίμελλον
1681 1017 1705 1072 οἰ
1720 1015 1788 1085 ’Λθή-

189 1106 345 1187 παρουσίαν,
359 1105 386 1164 οἰ
395 1131 423 1166 τε
437 1105 648 1173 ἐπιόουλεύοντες
659 1105 702 1164 διδ
720 1104 764 1164 τδν
776 1107 820 1185 ἀφ’
835 1108 912 1182 ἡμῶν
923 1103 971 1184 φό-
1010 1105 1077 1161 ναῖοι
1098 1107 1145 1175 τῆς
1171 1103 1223 1161 ἀπό
1247 1106 1299 1161 τῶν
1324 1102 1497 1183 δικαστηρίων
1512 1102 1649 1182 ζπροςόδου
1677 1101 1788 1177 στερήσι·

190 1195 236 1252 θον
255 1192 458 1275 σωφρονέστεροι
477 1193 622 1272 γίγνονται,
637 1193 681 1252 καί
702 1197 725 1251 οί
746 1191 970 1269 ἰπιῦουλευόμενοι
1011 1194 1079 1248 σθαι.
1094 1186 1179 1271 φαμέν
1196 1180 1240 1248 οῦν
1258 1193 1293 1258 ῶς
1307 1181 1339 1262 ἤν
1352 1212 1390 1257 τις
1405 1189 1527 1271 πρόςοδος
1539 1190 1593 1247 ἀπὸ
1604 1193 1658 1247 τῶν
1670 1191 1788 1260 δικαστη-

151 1293 177 1330 10
191 1281 317 1350 σώζονται
338 1281 418 1360 χωρίς
443 1280 530 1340 πόνου.
551 1314 592 1324 -
612 1301 632 1339 ε.
655 1280 723 1340 Ἀλλ’
747 1278 969 1357 ἐξισώσαντες...]
1012 1276 1082 1358 ρίων,
1092 1269 1164 1348 σίαή
1179 1276 1232 1336 ἀπδ
1243 1281 1294 1336 τῶν
1306 1282 1413 1359 γραφῶν
1425 1277 1583 1359 δωροδοκίας
1595 1276 1710 1357 ῦόρεως,
1723 1299 1790 1336 συκο·
1801 1291 1817 1328 Ιν

191 1371 249 1427 ἀλλ’
257 1367 469 1436 ἐξισωθέντεςκαὶ
479 1365 646 1443 ὁμοιωθέντες
655 1368 707 1434 τοῖς
717 1366 805 1432 ἄλλοις
815 1364 969 1447 ἀνθρώποις,
1011 1366 1135 1446 φαντίας,
1168 1365 1302 1444 μοιχείας,
1330 1366 1536 1447 ψευδογραφίας,
1565 1365 1790 1447 παραπρεσόείας,

190 1457 276 1523 τοῖςού
286 1455 363 1532 μόνον
375 1454 781 1535 φυλάττεσθαιτοδςάδικοῦντας,
790 1453 858 1513 ἀλλὰ
868 1452 914 1512 καί
925 1456 970 1510 ἀν·
1010 1453 1217 1533 λειποστραείου.
1238 1456 1268 1513 οὔ
1285 1452 1336 1533 γδρ
1356 1452 1453 1521 πάσαις
1467 1453 1560 1532 ἀτιμία
1582 1452 1790 1534 προςετιμᾶτοή

191 1540 381 1602 τεπιόουλεύιιν
396 1550 447 1608 τοῖς
468 1541 729 1623 προεπιάουλεύουσιν
746 1540 912 1617 εἰθισμένοις,
925 1539 972 1600 καί
1011 1540 1133 1611 θάνατος,
1146 1541 1215 1599 ἀλλά
1226 1542 1336 1608 πολλαῖς
1349 1539 1395 1601 καί
1406 1541 1553 1623 χρημάτων
1567 1539 1711 1622 εἰςπραξις·
1722 1544 1736 1599 δ
1746 1540 1790 1620 γάρ

192 1631 282 1705 αὐτοὶ,
295 1629 357 1709 πρὸς
367 1627 427 1707 τούς
436 1628 627 1709 Συρακουσίους
639 1629 695 1705 μεθ’
706 1630 782 1704 ήμῶν
794 1626 913 1698 στάντες,
926 1631 972 1684 τοῦ
1011 1629 1039 1685 ἐν
1053 1627 1144 1695 αύταῒς
1163 1628 1276 1699 νικηθείς
1297 1630 1443 1706 ἐζημιοῦτο.
1463 1626 1562 1701 ταύτης
1576 1619 1624 1687 οῦν
1644 1634 1691 1701 τῆς
1712 1628 1791 1699 πόσης

153 1725 178 1764 ¹¹>
193 1717 271 1775 αὐτοῦ
283 1713 460 1791 μεταλάόετι,
470 1713 601 1774 τουτέστιν
612 1712 864 1773 ἀντεπιόουλεύσατε
875 1713 971 1779 αὐτοῖς.
1010 1712 1135 1794 προςόδου
1155 1713 1328 1796 στερήσεσθαι
1341 1713 1451 1792 ἔμελλον
1465 1717 1489 1774 οἰ
1501 1714 1650 1786 Ἀθηναῖοι,
1664 1714 1790 1792 πελειάων
1801 1723 1818 1761 ¹⁸

231 1805 417 1863 LXXXVIII.
440 1801 636 1862 Ἐπεπόνθεσαν
658 1801 773 1874 τοιόνδε]
801 1802 881 1878 ἤγουν
903 1797 973 1860 κατδ
1012 1802 1099 1869 αὐτοῖς
1111 1801 1254 1882 ἱδρυμένων
1268 1800 1440 1882 έντῇχώρφ,
1455 1801 1615 1882 καὶσχολήν
1630 1805 1660 1860 ού
1674 1801 1792 1883 παριχόν·

192 1889 278 1970 ψυχήν
299 1887 457 1961 διετέθησαν.
478 1924 518 1933 -
538 1888 614 1961 Πλὴν
629 1890 688 1947 καθ’
707 1887 767 1949 ὅσον
789 1895 834 1962 ...]
862 1887 931 1958 πλῆν
950 1889 973 1945 εἰ
1013 1913 1064 1948 των
1079 1889 1238 1957 δικάζεσθαι.
1255 1888 1301 1947 καί
1315 1887 1367 1971 γδρ
1384 1887 1460 1948 τδίκ
1473 1889 1664 1949 τῶντοιούτων
1675 1893 1791 1969 ἅφσρμων

192 1977 392 2035 καταδουλοῑντο
407 1979 430 2034 οἰ
442 1976 571 2046 Ἀθηναῖοι
584 1974 632 2047 τήν
648 1974 781 2035 Σικελίαν.
796 2019 826 2032 ..
846 1974 975 2055 Ἐπικρα·
1012 1975 1139 2056 χρήματα
1150 1975 1268 2054 τῇπολιε
1277 1976 1671 2058 ἐδίδοτο.--Διαφορσυμένης]
1682 1976 1792 2036 τουτέστι

193 2062 324 2144 τέστεροι]
342 2067 393 2121 τῶν
419 2062 602 2144 Συρακουσίων
626 2064 755 2134 δηλονότι.
775 2097 817 2109 -
832 2058 912 2141 Ἴσα]
932 2060 973 2119 ἐπ’
1012 2062 1196 2141 πεμπομένης,
1211 2065 1335 2135 διηνεκῶς
1346 2061 1498 2144 φερομένης.

153 2157 180 2194 ²⁰
193 2151 338 2222 ἰσης.-ι.
349 2150 403 2212 Καὶ
411 2155 433 2209 οἱ
439 2150 487 2228 μὲν
496 2149 560 2230 πρὸς
567 2150 601 2210 τδι
610 2147 720 2212 πεδία...
731 2151 973 2229 ΙοῦτῶνΣυρακου-
1054 2152 1142 2211 XCII.
1163 2169 1187 2213 ε.
1202 2151 1356 2233 Ἔγκρατῶς
1372 2149 1536 2231 ἰπίρχομαι]
1556 2151 1616 2210 ἀντὶ
1638 2157 1685 2211 ταῦ
1700 2160 1819 2232 upa-’¹

193 2239 255 2297 σίων
274 2237 478 2319 ἀφειστήκεσαν·
497 2240 554 2297 ἀλλ’
571 2241 594 2297 οἰ
612 2240 638 2296 ἐν
658 2238 711 2306 τοῖς
730 2239 827 2304 πεδίοις
845 2240 974 2304 οἰκοῦντες
1014 2240 1073 2319 ρῶς.
1091 2271 1132 2285 ·-
1153 2237 1224 2299 Ούδί
1238 2237 1432 2298 ύποπτεύεσθαί
1446 2239 1546 2319 μου...]
1568 2239 1617 2298 οῦκ
1641 2240 1714 2310 ἀξιον
1734 2244 1792 2299 Inm-

194 2325 393 2406 ἀφειστήκεσαν,
408 2324 453 2382 καὶ
470 2326 498 2382 οὗ
511 2325 689 2406 προςεχώρουν
709 2333 761 2391 τοῖς
775 2325 924 2397 Ἀθηναῖοις.
935 2360 975 2369 -
1013 2323 1154 2385 πτεύεσθαί
1160 2349 1210 2403 μου
1217 2325 1791 2410 τδνλόγον,διδτδπροθνμηθῆναίμεφεύγιιν.

194 2435 215 2472 ο.
228 2410 364 2491 Φρουρούς
378 2435 406 2469 τε
417 2411 573 2488 πεμπόντων
588 2419 635 2483 ...]
652 2415 687 2479 ώς
699 2414 751 2470 τῶν
763 2412 904 2484 Ἀθηναίων
916 2410 974 2477 τοὺς
1013 2446 1054 2457 -
1069 2431 1091 2472 ι.
1107 2412 1161 2474 Καὶ
1172 2415 1202 2473 ού
1215 2418 1262 2486 τῆς
1273 2413 1432 2493 ὑμετέρας...
1445 2414 1513 2494 ώφ.]
1528 2416 1577 2473 οόκ
1588 2415 1647 2490 εἰμί
1659 2416 1741 2497 φυγδς
1753 2422 1793 2488 τῆς

196 2497 386 2580 Συρακουσίους
400 2497 524 2579 φρουρούς
539 2499 691 2558 κωλυόντων
708 2501 810 2578 βοηθεῖν
823 2498 881 2565 ταῖς
896 2498 975 2559 πόλε-
1014 2501 1141 2582 ύμετέρας
1161 2501 1300 2584 ὠφελείας,
1320 2502 1451 2562 τουτέστιν
1476 2506 1506 2562 οὒ
1530 2504 1621 2584 φεύγω
1640 2504 1672 2564 τδ
1691 2508 1793 2587 ὠφελεῖν

155 2600 181 2636 2³
196 2609 245 2646 σιν.
263 2620 302 2630 -
318 2605 340 2645 7.
360 2584 618 2665 Ἐπιῦουλευόμενα]
635 2586 691 2645 ἀντὶ
711 2592 757 2645 τοῦ
780 2585 929 2644 ἐπικίνδυνα
948 2584 975 2654 ἀί
1014 2589 1092 2665 ὑμᾶς.
1107 2622 1147 2636 -·-
1160 2589 1215 2650 Καὶ
1230 2589 1468 2672 πολεμιώτεροι...]
1481 2594 1530 2671 οὐχ
1544 2590 1627 2659 οῦτως
1639 2595 1708 2671 ὑμᾶς
1721 2598 1792 2671 ήγοῦ-
1802 2603 1820 2640 ⁵

195 2672 346 2744 ἐπιόουλῆς.
362 2703 396 2712 -—
410 2693 432 2732 ε.
446 2670 629 2752 Σαφέστερον]
644 2671 854 2753 ἐπιφανέστερον.
1015 2699 1064 2752 μαι
1080 2677 1233 2754 πολεμίους,
1256 2680 1291 2744 ὡς
1314 2677 1473 2750 Ἀθηναίους.
1495 2680 1569 2754 ὑμεῖς
1583 2677 1633 2754 μέν
1657 2679 1718 2758 γάρ,
1737 2681 1796 2739 εἰει

236 2761 390 2822 LXXXIX.
412 2762 459 2839 Τῷ
481 2758 590 2840 ῦπύπτιρ
619 2767 689 2835 μου]
711 2760 769 2831 ἤτοι
795 2759 838 2818 διδ
860 2759 890 2818 τδ
910 2764 976 2819 ύπο-
1014 2762 1162 2844 ἰόλάψατε,
1176 2764 1263 2845 ἰχθροί
1276 2764 1794 2849 όντεςάλυπήσατεὀίδδἈθηναῖοιφί·

195 2847 298 2907 πτεύιιν
315 2869 361 2923 με,
381 2850 413 2925 τῇ
432 2846 491 2904 κατ’
505 2845 617 2923 ἔμαυτδν
632 2846 739 2928 ὑποψίᾳ.
752 2880 792 2892 -
803 2866 824 2906 ο.
837 2847 872 2908 EI
881 2871 920 2914 τις
930 2847 976 2906 καί
1014 2849 1059 2907 λον
1070 2847 1132 2908 όντα
1143 2849 1347 2929 κατηνάγκασεν
1359 2850 1450 2931 ἐχθρδν
1461 2851 1591 2929 γενέσθαι.
1608 2886 1648 2900 -
1669 2874 1691 2914 ε.
1710 2854 1750 2915 Τά
1770 2867 1794 2913 τι

196 2935 254 2994 τότε
267 2938 293 2993 ἐν
306 2937 342 3014 τῷ
359 2933 520 3012 πάσχειν...]
533 2932 557 2991 εἰ
569 2957 607 3000 τις
620 2932 732 3012 πάσχων
742 2932 801 2992 τότε
812 2936 859 2992 οῦκ
868 2932 974 3011 εἰκότα,
1015 2935 1183 3015 φιλόπολε...]
1196 2935 1343 3018 φιλόπολις,
1357 2938 1452 3019 φησίν,
1468 2941 1498 2998 οῦ
1512 2944 1557 2997 νῦν
1572 2939 1642 3018 εἰμί,
1658 2943 1736 3012 ἡνίκα
1747 2944 1797 3000 άδι·

157 3032 183 3069 ³⁰
196 3020 313 3081 τουτέστι
326 3025 429 3098 κακῶς,
442 3019 567 3101 ὠργίζετό
586 3043 644 3098 μοι,
661 3026 706 3079 νῦν
719 3022 750 3078 τὸ
764 3019 858 3092 ἀληθές
871 3025 976 3080 σκοπῶν
1015 3027 1126 3100 κοῦμαι,
1143 3023 1210 3082 ἀλλά
1228 3024 1301 3097 τότε,
1313 3026 1358 3084 δτι
1371 3028 1494 3106 ἀσφαλῶς
1506 3026 1708 3106 ἐπολιτευόμην.
1724 3063 1762 3077 -
1774 3051 1793 3090 ε.
1803 3040 1822 3077 ³

197 3108 399 3188 μιταπειθέσθω.
424 3143 464 3152 -
487 3111 535 3188 Τῷ
559 3108 636 3187 δήμῳ
659 3107 847 3186 προςεκείμην]
870 3107 905 3166 τδ
930 3113 976 3167 τοῦ
1016 3108 1133 3182 Αύτυύς]
1148 3109 1206 3183 ἤτοι
1219 3115 1296 3188 ὑμᾶς.
1310 3112 1445 3186 -Ἔοιεῖ1
1460 3114 1610 3196 ἰνΣικελίφ
1626 3116 1755 3188 δηλονότι.

197 3195 280 3274 δήμου
303 3197 401 3271 μᾶλλον
425 3193 556 3275 ἐφρόνουν,
578 3200 630 3254 τῶν
645 3195 786 3266 Ἀθηναίων
800 3195 927 3266 δηλονότι.
942 3226 977 3236 -
1056 3199 1156 3259 XCIII.
1176 3198 1388 3280 Περιρρώμινρι]
1403 3204 1591 3282 περιρρῶιιις,
1607 3209 1795 3286 „mm

197 3305 220 3343 ε.
231 3281 288 3343 Καί
299 3280 363 3361 άπερ
377 3279 481 3348 ἐδέξατό
493 3282 543 3359 τις]
559 3281 604 3340 καί
616 3280 681 3362 όπερ
695 3280 799 3351 έδέξατύ
816 3305 855 3348 τις
870 3287 976 3361 σχῆμα,
1016 3307 1067 3350 τες.
1086 3319 1127 3330 -
1146 3305 1169 3345 ε.
1190 3289 1234 3366 Τῇ
1252 3290 1358 3348 ἰπετ....
1372 3297 1506 3368 προςεῖχον
1521 3291 1573 3361 ἤδη
1588 3289 1635 3348 τδν
1652 3297 1727 3364 νοῦν]
1743 3292 1795 3350 ἀντὶ

196 3368 328 3429 τουτέστιν
338 3369 429 3440 ἥντινα
442 3367 574 3427 πολιτείαν
587 3368 744 3450 παρέλαθεν.
759 3403 799 3413 -
810 3389 831 3428 ι.
844 3369 921 3430 Ἐπεί
930 3370 978 3440 δη·
1016 3375 1078 3444 τοῦ,
1091 3369 1187 3439 σκοπδς
1195 3364 1226 3444 ἤν
1236 3376 1323 3441 αὐτοῖς
1334 3373 1379 3433 καί
1390 3374 1491 3435 διάνοια
1501 3376 1675 3457 ἐπιτείχισμα
1688 3383 1795 3449 ποιῆσαι

158 3472 183 3512 ιε
199 3456 344 3539 μοκρατίαν
353 3480 381 3534 γε
394 3458 434 3535 ..]
450 3456 506 3514 ἐπεί
520 3453 546 3514 οί
558 3480 587 3534 γε
605 3456 725 3537 φρόνιμοι
737 3456 837 3534 ἴσασιν,
852 3456 938 3515 θποῖόν
951 3455 978 3515 ’τί
1017 3459 1044 3516 ἐν
1054 3460 1088 3535 τῇ
1097 3458 1233 3540 Δεκελείᾳ.
1244 3501 1276 3515 -
1286 3461 1442 3542 Τιμωρίαν]
1455 3463 1586 3541 βοήθειαν.
1599 3498 1637 3509 -
1651 3468 1718 3524 Μετ’
1731 3464 1793 3525 ἐκεί·
1805 3477 1823 3512 ³⁵

199 3550 254 3605 ἐστι
273 3541 453 3620 δημοκρατία,
474 3541 618 3619 (τουτέστιν
632 3547 666 3611 ὡς
680 3542 792 3625 πονηράν
803 3545 824 3620 ·]
844 3543 890 3602 καί
904 3547 979 3612 αῦτδς
1017 3545 1085 3622 νων]
1094 3543 1174 3621 ἤγουν
1185 3549 1235 3603 τῶν
1246 3547 1484 3626 Συρακουσίων.-
1493 3570 1516 3611 ε.
1528 3549 1562 3612 Ὁ
1577 3550 1620 3623 δέ]
1631 3556 1647 3610 δ
1660 3551 1794 3619 Γύλιππος.

200 3635 231 3694 δν
242 3632 293 3709 ἐγὼ
307 3629 406 3696 οὐδενὸς
419 3622 495 3700 ἤττυν
508 3628 691 3711 λοιδορήσαιμι
701 3628 792 3702 αὐτήν,
806 3629 860 3710 όσιρ
874 3630 919 3689 καί
930 3629 978 3709 μέ-
1057 3632 1156 3693 XCIV.
1178 3651 1200 3692 ι.
1213 3632 1284 3699 Τούς
1294 3656 1323 3692 τι
1335 3635 1446 3716 ἀγρούς]
1457 3641 1508 3696 τῶν
1518 3638 1668 3719 Μεγαρέων
1674 3639 1796 3711 δηλονότι.

199 3742 274 3796 γιστα
298 3718 343 3776 ὑπ’
358 3719 436 3787 αὐτῆς
460 3715 597 3794 ἠδίκημαι.
622 3756 657 3766 -
677 3717 745 3796 Περὶ
772 3717 979 3795 δμολογουμίνης
1018 3754 1050 3767 -
1066 3715 1121 3777 Καὶ
1131 3716 1176 3776 τὸν
1192 3720 1281 3798 σῖτον]
1303 3721 1382 3799 ἤγουν
1401 3723 1445 3782 τδν
1457 3723 1565 3803 στάχυν.
1578 3759 1619 3771 -
1632 3746 1655 3786 ε.
1672 3726 1795 3788 Ἐπεσιτι-

200 3806 298 3883 ἀνοίας]
312 3804 519 3881 ὁμολογουμένην
532 3803 620 3862 ἀνοιαν
636 3802 685 3875 τήν
706 3804 883 3883 δημοκρατίαν
899 3803 977 3881 λέγει.
1019 3809 1146 3889 σάμενοι]
1159 3809 1240 3889 ἤγουν
1259 3811 1350 3892 ἀφύδια
1366 3813 1497 3882 λαῦόντες.
1509 3850 1549 3862 -
1566 3817 1622 3876 Καὶ
1636 3818 1796 3899 προςαγαγό-

160 3905 186 3941 ⁴⁰
240 3893 298 3954 XC.
320 3912 342 3950 ν.
354 3890 408 3951 Καὶ
418 3894 463 3961 τῆς
471 3891 659 3970 Καρχηδονίων
669 3893 793 3971 ἀρχῆς...]
803 3889 862 3958 τούς
870 3915 899 3950 τε
911 3895 979 3963 Inm-
1020 3897 1107 3974 μενοι]
1117 3896 1196 3974 ἤγουν
1209 3896 1345 3973 λαόάντες,
1358 3901 1571 3982 ἐφελκυσάμενοι.
1805 3912 1825 3952 θ

199 3982 274 4049 κόους
290 3982 342 4038 τῶν
361 3978 560 4058 Καρχηδονίων,
584 3977 630 4036 καί
650 3978 754 4051 αὐτούς,
776 3981 798 4036 εἰ
820 3979 978 4057 δυναίμεθα,
1058 3983 1147 4043 XCV.
1168 4003 1190 4042 ε.
1205 3986 1241 4045 Οί
1256 3984 1278 4042 δ’
1293 3983 1413 4052 ἐξέπεσον
1426 3986 1565 4068 Ἀθήναζε]
1581 3988 1727 4060 ἐξιλθόιιις
1739 3991 1795 4074 Ῑρρ.

200 4065 449 4148 καταστρεψάμενοι.
459 4064 730 4145 -Ἀποπειράσοντες]
743 4066 821 4144 ἤγουν
835 4069 979 4146 ἀπόπειρα·
1019 4091 1064 4148 γον
1079 4071 1114 4134 εἷς
1126 4068 1173 4137 τάς
1185 4069 1300 4141 Ἀθήνας.

201 4152 980 4233 σάμενοι.-ο.Ἐντειχεσάμενοι]περιτειχίσαντες,ἤφρού·
1059 4156 1156 4216 XCVI·
1178 4160 1262 4238 Σφᾶς]
1283 4157 1341 4226 τοῦς
1367 4161 1569 4241 Συρακουσίους.
1590 4198 1632 4209 -
1646 4163 1704 4233 TI<
1721 4189 1797 4246 προς.

202 4264 244 4325 ρια
261 4246 288 4302 ἰν
306 4245 339 4319 τῆ
355 4239 430 4320 χώρφι
449 4242 534 4298 αὐτῶν
547 4240 764 4319 ἐπιτειχίσαντες·
780 4239 793 4298 δ
809 4240 854 4299 καί
869 4243 978 4317 μᾶλλον.
1021 4241 1121 4322 θάσεις]
1140 4243 1219 4322 ἤγουν
1241 4245 1356 4326 ἐφόδους.
1378 4281 1418 4292 -
1438 4247 1598 4330 Ἐέήρτηται
1619 4253 1686 4333 γάρ]
1708 4252 1745 4331 μή
1757 4252 1797 4311 ἐπὶ

161 4335 187 4372 ⁴³>
205 4367 240 4374 -
255 4327 365 4395 ε.Ὦςτε
379 4326 554 4408 εὐπορώτερον
568 4327 757 4406 γίγνεσθαι...]
774 4325 838 4395 ώςτε
854 4327 975 4408 εὐπορώ-
1020 4333 1065 4387 τοῦ
1079 4329 1184 4409 ἐξῆρθαι
1212 4332 1258 4390 καί
1280 4333 1451 4414 μετεωρίσθαι
1480 4338 1627 4412 ἀκουίοθω,
1656 4339 1735 4412 ούσης
1755 4345 1827 4410 εῆςιε

200 4440 273 4497 τερον
284 4415 314 4473 ἀν
327 4413 367 4485 εἴη
382 4412 452 4472 σίτου
467 4413 512 4472 καί
526 4413 679 4493 χρημάτων.
1021 4417 1133 4484 διανοίας
1147 4421 1261 4485 τοιᾶςδε·
1276 4420 1306 4478 τδ
1323 4419 1374 4500 γὰρ
1391 4420 1457 4482 ἀλλο
1469 4424 1576 4504 χωρίον,
1598 4426 1671 4499 πλὴν
1685 4428 1795 4509 προςόά·

241 4502 316 4564 XCI.
339 4500 393 4560 Καὶ
412 4498 467 4558 ὅσοι
487 4500 623 4558 ύπολοιποι
645 4499 785 4579 στρατηγοί
797 4501 844 4579 ..]
859 4500 904 4559 καί
924 4500 980 4561 ὅσοι
1021 4527 1096 4576 σεων,
1112 4503 1181 4563 άπαν
1194 4506 1292 4587 ὑψηλόν
1309 4510 1365 4566 ἐστι
1378 4508 1424 4567 καί
1433 4514 1601 4590 κρημνῶδες,
1613 4513 1662 4572 καί
1674 4516 1797 4574 ἐπεκόκλε·

202 4585 344 4730 στρατηγοί
358 4589 384 4644 ἐν
404 4584 513 4665 Σικελίᾳ
532 4586 661 4658 Ἀθηναῖοί
683 4589 755 4658 εἰσιν,
771 4586 803 4644 ἀν
827 4588 979 4671 δυνηθῶσιν,
1020 4615 1064 4650 ται
1078 4591 1141 4671 πρὸς
1152 4591 1200 4664 τήν
1214 4593 1299 4667 πόλιν,
1308 4592 1372 4662 ώςτε
1379 4597 1526 4677 καταφανές
1539 4597 1637 4659 ίσωθεν
1649 4595 1773 4676 {Ima-7
1777 4622 1798 4662 ι

202 4672 286 4754 ώςπιρ
298 4696 310 4730 ε
320 4696 377 4743 πον,
392 4671 541 4752 πράξουσιν.
556 4719 587 4730 ..
598 4674 638 4732 Ού
653 4674 805 4753 περιέσται]
819 4676 849 4733 ού
863 4673 977 4747 σωθῆσε-
1021 4677 1171 4760 Ἐξέκριναν
1183 4680 1318 4761 πρότερον]
1335 4682 1468 4765 ἐκκρίτους
1486 4686 1532 4743 καὶ
1550 4688 1689 4757 ἐκλεκτούς
1708 4689 1797 4761 έποιή-

165 4775 190 4812 ⁵⁰
204 4785 256 4820 ται.
271 4795 311 4804 -
323 4780 345 4818 ε.
361 4758 429 4827 Τούς
442 4784 471 4818 τε
488 4758 632 4840 παρόντας]
656 4763 691 4827 εἷς
715 4761 837 4820 Σικελίαν
852 4762 979 4836 δηλονότι.
1022 4789 1107 4824 σαντο.
1121 4801 1160 4810 -
1173 4767 1250 4847 Ταχὺ
1265 4767 1419 4838 ξυνεστῶτες
1431 4774 1545 4852 παραγ]
1558 4774 1627 4854 ταχὺ
1637 4776 1798 4856 παραγίνων·
1809 4788 1831 4825 ⁵0

203 4883 243 4894 -
264 4847 420 4926 Προςίασιν]
442 4846 498 4904 ἀντὶ
512 4851 557 4905 τοῦ
579 4847 800 4927 προςελεύοονται.
824 4883 863 4892 -
882 4870 904 4910 ε,
923 4850 981 4910 Ἐν·
1021 4876 1063 4910 ται
1076 4853 1157 4912 διὰτὸ
1169 4855 1331 4916 συνιστάναι,

204 4936 280 5006 θώδε]
295 4934 374 5011 ἤγουν
389 4937 415 4993 ἐν
431 4934 632 5015 Πελοποννήσῳ.
647 4970 687 4979 -
701 4934 888 5015 Φανερώτερον
904 4939 980 5016 ἐκπ]
1061 4941 1188 5002 XCVIII.
1199 4962 1220 5000 ε.
1234 4937 1295 5002 Ἵνα
1307 4966 1357 5024 περ
1367 4943 1544 5023 καθεζόμενοι]
1553 4945 1619 5004 ὅπου
1630 4948 1798 5029 πολιορκοῦν-

205 5023 261 5093 ήτοι
272 5025 386 5102 φανερῶς
396 5024 519 5098 πολεμεῖν
531 5021 582 5088 τοῖς
596 5022 751 5095 Ἀθηναίοις,
764 5021 782 5093 ἤ
794 5025 924 5104 ἐπιφανῶς
935 5024 980 5082 καί
1021 5049 1070 5092 τις.
1084 5060 1122 5072 -
1133 5028 1186 5088 Τὸν
1200 5029 1307 5109 κύκλον]
1322 5030 1380 5102 ἤτοι
1393 5030 1436 5089 τδν
1448 5029 1507 5111 περὶ
1523 5033 1553 5090 τδ
1569 5032 1720 5109 Λάύδαλον,
1731 5034 1798 5097 ἤτθν

207 5108 334 5186 μεγάλως.
347 5135 378 5145 -
391 5107 450 5168 Ἵνα
465 5106 638 5189 Συρακούσιοί
650 5131 692 5182 τε,
705 5109 850 5188 νομίζοντες
864 5113 981 5191 ὑμᾶς...]
1022 5115 1118 5195 περίτδ
1128 5118 1212 5196 τεῖχος
1222 5121 1273 5177 τῶν
1286 5118 1481 5200 Συρακουσίων,
1491 5109 1513 5200 ᾧ
1524 5121 1689 5202 ἀπετείχιζον
1697 5131 1798 5208 ιιῖιτυυς·Ι
