<?xml version="1.0" encoding="UTF-8"?>
<!DOCTYPE html PUBLIC "-//W3C//DTD XHTML 1.0 Transitional//EN"
    "http://www.w3.org/TR/xhtml1/DTD/xhtml1-transitional.dtd">
<html xmlns="http://www.w3.org/1999/xhtml" xml:lang="en" lang="en">
 <head>
  <title>
</title>
<meta http-equiv="Content-Type" content="text/html;charset=utf-8" />
  <meta name='ocr-system' content='tesseract 3.04.00' />
  <meta name='ocr-capabilities' content='ocr_page ocr_carea ocr_par ocr_line ocrx_word'/>
</head>
<body>
  <div class='ocr_page' id='page_1' title='image "./historiabellipe00thucgoog_0454.png"; bbox 0 0 3676 5828; ppageno 0'>
   <div class='ocr_carea' id='block_1_1' title="bbox 172 312 1155 390">
    <p class='ocr_par' dir='ltr' id='par_1_1' title="bbox 172 312 1155 390">
     <span class='ocr_line' id='line_1_1' title="bbox 172 312 1155 390; baseline -0.006 -14"><span class='ocrx_word' id='word_1_1' title='bbox 172 321 209 376; x_wconf 78' lang='grc' dir='ltr'>ευ</span> <span class='ocrx_word' id='word_1_2' title='bbox 782 312 952 375; x_wconf 67' lang='grc' dir='ltr'>εῦΗοιΙλ</span> <span class='ocrx_word' id='word_1_3' title='bbox 975 315 1006 390; x_wconf 91' lang='lat'>1,</span> <span class='ocrx_word' id='word_1_4' title='bbox 1028 321 1155 374; x_wconf 82' lang='grc' dir='ltr'>εσ-ιι,</span> 
     </span>
    </p>
   </div>
   <div class='ocr_carea' id='block_1_2' title="bbox 133 432 1816 5161">
    <p class='ocr_par' dir='ltr' id='par_1_2' title="bbox 133 432 1816 5161">
     <span class='ocr_line' id='line_1_2' title="bbox 171 432 1775 519; baseline -0.006 -16"><span class='ocrx_word' id='word_1_5' title='bbox 171 438 191 518; x_wconf 76' lang='grc' dir='ltr'>ή</span> <span class='ocrx_word' id='word_1_6' title='bbox 211 441 270 503; x_wconf 79' lang='grc' dir='ltr'>ἀντὶ</span> <span class='ocrx_word' id='word_1_7' title='bbox 287 447 333 502; x_wconf 87' lang='grc' dir='ltr'>τοῦ</span> <span class='ocrx_word' id='word_1_8' title='bbox 348 439 396 501; x_wconf 85' lang='grc' dir='ltr'>διό·</span> <span class='ocrx_word' id='word_1_9' title='bbox 417 439 456 500; x_wconf 84' lang='grc' dir='ltr'>διδ</span> <span class='ocrx_word' id='word_1_10' title='bbox 473 439 519 499; x_wconf 84' lang='grc' dir='ltr'>καλ</span> <span class='ocrx_word' id='word_1_11' title='bbox 535 435 710 517; x_wconf 68' lang='grc' dir='ltr'>μάλλον·ζδιά</span> <span class='ocrx_word' id='word_1_12' title='bbox 722 435 771 510; x_wconf 79' lang='grc' dir='ltr'>τήν</span> <span class='ocrx_word' id='word_1_13' title='bbox 790 436 881 519; x_wconf 97' lang='grc' dir='ltr'>φήμην</span> <span class='ocrx_word' id='word_1_14' title='bbox 897 439 950 496; x_wconf 82' lang='grc' dir='ltr'>τῶν</span> <span class='ocrx_word' id='word_1_15' title='bbox 992 435 1096 515; x_wconf 86' lang='grc' dir='ltr'>δόμνιοι</span> <span class='ocrx_word' id='word_1_16' title='bbox 1110 434 1153 496; x_wconf 78' lang='grc' dir='ltr'>διδ</span> <span class='ocrx_word' id='word_1_17' title='bbox 1168 432 1325 516; x_wconf 74' lang='grc' dir='ltr'>Κορινθίως.</span> <span class='ocrx_word' id='word_1_18' title='bbox 1335 434 1552 518; x_wconf 69' lang='grc' dir='ltr'>-Ἐπιτρέψαή</span> <span class='ocrx_word' id='word_1_19' title='bbox 1566 432 1616 508; x_wconf 76' lang='grc' dir='ltr'>τήν</span> <span class='ocrx_word' id='word_1_20' title='bbox 1631 432 1775 516; x_wconf 71' lang='grc' dir='ltr'>ἐπιτροπήν</span> 
     </span>
     <span class='ocr_line' id='line_1_3' title="bbox 172 511 1774 611; baseline -0.007 -17"><span class='ocrx_word' id='word_1_21' title='bbox 172 511 312 611; x_wconf 68' lang='grc' dir='ltr'>ίίθαιάκων,</span> <span class='ocrx_word' id='word_1_22' title='bbox 324 528 362 607; x_wconf 78' lang='grc' dir='ltr'>με]</span> <span class='ocrx_word' id='word_1_23' title='bbox 377 536 480 611; x_wconf 78' lang='grc' dir='ltr'>φανεῖεν</span> <span class='ocrx_word' id='word_1_24' title='bbox 496 527 609 609; x_wconf 86' lang='grc' dir='ltr'>χείρους.</span> <span class='ocrx_word' id='word_1_25' title='bbox 623 562 663 573; x_wconf 90' lang='grc'>-</span> <span class='ocrx_word' id='word_1_26' title='bbox 676 525 730 587; x_wconf 84' lang='grc' dir='ltr'>Καὶ</span> <span class='ocrx_word' id='word_1_27' title='bbox 744 517 812 597; x_wconf 78' lang='grc' dir='ltr'>ήσαν</span> <span class='ocrx_word' id='word_1_28' title='bbox 823 528 871 585; x_wconf 85' lang='grc' dir='ltr'>οῦκ</span> <span class='ocrx_word' id='word_1_29' title='bbox 885 522 951 583; x_wconf 88' lang='grc' dir='ltr'>ἀδό-</span> <span class='ocrx_word' id='word_1_30' title='bbox 992 527 1040 594; x_wconf 82' lang='grc' dir='ltr'>τῆς</span> <span class='ocrx_word' id='word_1_31' title='bbox 1058 522 1167 604; x_wconf 89' lang='grc' dir='ltr'>κρίσεως</span> <span class='ocrx_word' id='word_1_32' title='bbox 1186 524 1274 581; x_wconf 89' lang='grc' dir='ltr'>δοῦναι</span> <span class='ocrx_word' id='word_1_33' title='bbox 1290 555 1332 568; x_wconf 83' lang='grc'>--</span> <span class='ocrx_word' id='word_1_34' title='bbox 1348 543 1370 582; x_wconf 83' lang='lat'>³.</span> <span class='ocrx_word' id='word_1_35' title='bbox 1386 525 1420 583; x_wconf 84' lang='grc' dir='ltr'>Εἰ</span> <span class='ocrx_word' id='word_1_36' title='bbox 1433 520 1461 583; x_wconf 81' lang='grc' dir='ltr'>δέ</span> <span class='ocrx_word' id='word_1_37' title='bbox 1475 523 1524 600; x_wconf 86' lang='grc' dir='ltr'>μή]</span> <span class='ocrx_word' id='word_1_38' title='bbox 1539 525 1563 582; x_wconf 89' lang='grc' dir='ltr'>εἰ</span> <span class='ocrx_word' id='word_1_39' title='bbox 1577 522 1606 582; x_wconf 73' lang='grc' dir='ltr'>δί</span> <span class='ocrx_word' id='word_1_40' title='bbox 1620 524 1671 582; x_wconf 84' lang='grc' dir='ltr'>οίικ</span> <span class='ocrx_word' id='word_1_41' title='bbox 1685 522 1774 594; x_wconf 85' lang='grc' dir='ltr'>ἐθελή-</span> 
     </span>
     <span class='ocr_line' id='line_1_4' title="bbox 171 605 1775 697; baseline -0.006 -18"><span class='ocrx_word' id='word_1_42' title='bbox 171 619 258 697; x_wconf 90' lang='grc' dir='ltr'>νατοι]</span> <span class='ocrx_word' id='word_1_43' title='bbox 269 618 300 677; x_wconf 83' lang='grc' dir='ltr'>τὸ</span> <span class='ocrx_word' id='word_1_44' title='bbox 309 620 357 677; x_wconf 83' lang='grc' dir='ltr'>οὐκ</span> <span class='ocrx_word' id='word_1_45' title='bbox 369 615 489 675; x_wconf 83' lang='grc' dir='ltr'>ἀδύνατοι</span> <span class='ocrx_word' id='word_1_46' title='bbox 504 613 646 692; x_wconf 88' lang='grc' dir='ltr'>μεσότητός</span> <span class='ocrx_word' id='word_1_47' title='bbox 659 617 715 673; x_wconf 89' lang='grc' dir='ltr'>ἐστι</span> <span class='ocrx_word' id='word_1_48' title='bbox 728 617 815 693; x_wconf 80' lang='grc' dir='ltr'>βῆμα,</span> <span class='ocrx_word' id='word_1_49' title='bbox 829 605 881 672; x_wconf 80' lang='grc' dir='ltr'>οἷον</span> <span class='ocrx_word' id='word_1_50' title='bbox 893 610 952 670; x_wconf 88' lang='grc' dir='ltr'>οῦτε</span> <span class='ocrx_word' id='word_1_51' title='bbox 993 632 1068 669; x_wconf 93' lang='grc' dir='ltr'>σουσι</span> <span class='ocrx_word' id='word_1_52' title='bbox 1085 616 1185 669; x_wconf 90' lang='grc' dir='ltr'>παῦσαι</span> <span class='ocrx_word' id='word_1_53' title='bbox 1202 609 1245 668; x_wconf 88' lang='grc' dir='ltr'>τδν</span> <span class='ocrx_word' id='word_1_54' title='bbox 1264 608 1388 686; x_wconf 86' lang='grc' dir='ltr'>πόλεμον.</span> <span class='ocrx_word' id='word_1_55' title='bbox 1402 645 1443 655; x_wconf 93' lang='grc'>-</span> <span class='ocrx_word' id='word_1_56' title='bbox 1456 609 1637 688; x_wconf 79' lang='grc' dir='ltr'>Βιαζομένων]</span> <span class='ocrx_word' id='word_1_57' title='bbox 1659 609 1719 669; x_wconf 72' lang='grc' dir='ltr'>ἀντὶ</span> <span class='ocrx_word' id='word_1_58' title='bbox 1731 614 1775 669; x_wconf 76' lang='grc' dir='ltr'>τοῦ</span> 
     </span>
     <span class='ocr_line' id='line_1_5' title="bbox 171 695 1774 781; baseline -0.007 -15"><span class='ocrx_word' id='word_1_59' title='bbox 171 705 275 774; x_wconf 84' lang='grc' dir='ltr'>τελείως</span> <span class='ocrx_word' id='word_1_60' title='bbox 287 704 391 764; x_wconf 91' lang='grc' dir='ltr'>δυνατοί</span> <span class='ocrx_word' id='word_1_61' title='bbox 405 701 464 763; x_wconf 79' lang='grc' dir='ltr'>οὔτε</span> <span class='ocrx_word' id='word_1_62' title='bbox 478 704 600 769; x_wconf 80' lang='grc' dir='ltr'>ἀσθενεῖς.</span> <span class='ocrx_word' id='word_1_63' title='bbox 613 736 655 746; x_wconf 94' lang='grc'>-</span> <span class='ocrx_word' id='word_1_64' title='bbox 669 702 813 780; x_wconf 86' lang='grc' dir='ltr'>Πολεμεῖν]</span> <span class='ocrx_word' id='word_1_65' title='bbox 823 699 888 781; x_wconf 78' lang='grc' dir='ltr'>πρὸς</span> <span class='ocrx_word' id='word_1_66' title='bbox 898 702 951 760; x_wconf 90' lang='grc' dir='ltr'>Κο·</span> <span class='ocrx_word' id='word_1_67' title='bbox 995 697 1143 776; x_wconf 80' lang='grc' dir='ltr'>βιαζόντων.</span> <span class='ocrx_word' id='word_1_68' title='bbox 1157 731 1198 742; x_wconf 86' lang='grc'><strong>-</strong></span> <span class='ocrx_word' id='word_1_69' title='bbox 1210 695 1266 763; x_wconf 81' lang='grc' dir='ltr'>Οθς</span> <span class='ocrx_word' id='word_1_70' title='bbox 1279 698 1308 756; x_wconf 86' lang='grc' dir='ltr'>οὐ</span> <span class='ocrx_word' id='word_1_71' title='bbox 1323 696 1469 777; x_wconf 84' lang='grc' dir='ltr'>βούλονται]</span> <span class='ocrx_word' id='word_1_72' title='bbox 1483 701 1506 758; x_wconf 87' lang='grc' dir='ltr'>οἰ</span> <span class='ocrx_word' id='word_1_73' title='bbox 1522 701 1701 779; x_wconf 87' lang='grc' dir='ltr'>Κερκυραῖοι,</span> <span class='ocrx_word' id='word_1_74' title='bbox 1718 697 1774 777; x_wconf 79' lang='grc' dir='ltr'>οθχί</span> 
     </span>
     <span class='ocr_line' id='line_1_6' title="bbox 145 782 1795 874; baseline -0.001 -30"><span class='ocrx_word' id='word_1_75' title='bbox 145 792 288 874; x_wconf 53' lang='grc' dir='ltr'>,μοδίους</span> <span class='ocrx_word' id='word_1_76' title='bbox 993 786 1017 842; x_wconf 79' lang='grc' dir='ltr'>οἱ</span> <span class='ocrx_word' id='word_1_77' title='bbox 1029 784 1171 865; x_wconf 91' lang='grc' dir='ltr'>Κορίνθιοι.</span> <span class='ocrx_word' id='word_1_78' title='bbox 1186 817 1228 830; x_wconf 81' lang='grc'>--</span> <span class='ocrx_word' id='word_1_79' title='bbox 1240 782 1362 865; x_wconf 82' lang='grc' dir='ltr'>Ἑτέρους</span> <span class='ocrx_word' id='word_1_80' title='bbox 1374 788 1427 844; x_wconf 86' lang='grc' dir='ltr'>τῶν</span> <span class='ocrx_word' id='word_1_81' title='bbox 1439 791 1484 844; x_wconf 92' lang='grc' dir='ltr'>νῦν</span> <span class='ocrx_word' id='word_1_82' title='bbox 1496 783 1577 845; x_wconf 86' lang='grc' dir='ltr'>όντων</span> <span class='ocrx_word' id='word_1_83' title='bbox 1591 786 1709 863; x_wconf 71' lang='grc' dir='ltr'>μᾶλλον]</span> <span class='ocrx_word' id='word_1_84' title='bbox 1724 784 1795 844; x_wconf 59' lang='lat' dir='ltr'>fid</span> 
     </span>
     <span class='ocr_line' id='line_1_7' title="bbox 212 866 1774 954; baseline -0.007 -12"><span class='ocrx_word' id='word_1_85' title='bbox 212 881 316 942; x_wconf 79' lang='lat' dir='ltr'>XXVI.</span> <span class='ocrx_word' id='word_1_86' title='bbox 338 876 452 939; x_wconf 80' lang='grc' dir='ltr'>Πάντων</span> <span class='ocrx_word' id='word_1_87' title='bbox 467 866 512 936; x_wconf 82' lang='grc' dir='ltr'>οῦν</span> <span class='ocrx_word' id='word_1_88' title='bbox 531 873 629 935; x_wconf 85' lang='grc' dir='ltr'>τοότων</span> <span class='ocrx_word' id='word_1_89' title='bbox 644 873 799 952; x_wconf 84' lang='grc' dir='ltr'>ἐγκλήματα</span> <span class='ocrx_word' id='word_1_90' title='bbox 813 870 915 953; x_wconf 83' lang='grc' dir='ltr'>ἔχοντες</span> <span class='ocrx_word' id='word_1_91' title='bbox 927 874 951 932; x_wconf 85' lang='grc' dir='ltr'>οἰ</span> <span class='ocrx_word' id='word_1_92' title='bbox 993 872 1052 940; x_wconf 91' lang='grc' dir='ltr'>λους</span> <span class='ocrx_word' id='word_1_93' title='bbox 1062 872 1114 930; x_wconf 85' lang='grc' dir='ltr'>ἀπὸ</span> <span class='ocrx_word' id='word_1_94' title='bbox 1128 876 1179 932; x_wconf 83' lang='grc' dir='ltr'>τῶν</span> <span class='ocrx_word' id='word_1_95' title='bbox 1193 870 1328 954; x_wconf 76' lang='grc' dir='ltr'>παρόντων</span> <span class='ocrx_word' id='word_1_96' title='bbox 1340 873 1432 954; x_wconf 81' lang='grc' dir='ltr'>φίλων.</span> <span class='ocrx_word' id='word_1_97' title='bbox 1447 872 1464 945; x_wconf 75' lang='grc' dir='ltr'><strong>ἢ</strong></span> <span class='ocrx_word' id='word_1_98' title='bbox 1478 872 1579 954; x_wconf 82' lang='grc' dir='ltr'>έτέρους</span> <span class='ocrx_word' id='word_1_99' title='bbox 1587 871 1663 951; x_wconf 87' lang='grc' dir='ltr'>λέγει</span> <span class='ocrx_word' id='word_1_100' title='bbox 1677 875 1774 950; x_wconf 71' lang='grc' dir='ltr'>μάλλοε</span> 
     </span>
     <span class='ocr_line' id='line_1_8' title="bbox 172 958 1775 1047; baseline -0.005 -19"><span class='ocrx_word' id='word_1_101' title='bbox 172 968 251 1047; x_wconf 81' lang='grc' dir='ltr'>Κομ]</span> <span class='ocrx_word' id='word_1_102' title='bbox 264 966 344 1042; x_wconf 80' lang='grc' dir='ltr'>ήγουν</span> <span class='ocrx_word' id='word_1_103' title='bbox 356 967 525 1042; x_wconf 79' lang='grc' dir='ltr'>ἐγκαλοῦντες</span> <span class='ocrx_word' id='word_1_104' title='bbox 536 962 611 1022; x_wconf 86' lang='grc' dir='ltr'>ένειια</span> <span class='ocrx_word' id='word_1_105' title='bbox 626 961 731 1021; x_wconf 89' lang='grc' dir='ltr'>πάντων</span> <span class='ocrx_word' id='word_1_106' title='bbox 745 959 843 1020; x_wconf 83' lang='grc' dir='ltr'>τούτων</span> <span class='ocrx_word' id='word_1_107' title='bbox 858 964 882 1020; x_wconf 84' lang='grc' dir='ltr'>οἰ</span> <span class='ocrx_word' id='word_1_108' title='bbox 893 962 952 1020; x_wconf 88' lang='grc' dir='ltr'>Κο-</span> <span class='ocrx_word' id='word_1_109' title='bbox 994 958 1083 1041; x_wconf 88' lang='grc' dir='ltr'>φίλους</span> <span class='ocrx_word' id='word_1_110' title='bbox 1099 961 1150 1017; x_wconf 85' lang='grc' dir='ltr'>τῶν</span> <span class='ocrx_word' id='word_1_111' title='bbox 1164 958 1300 1038; x_wconf 81' lang='grc' dir='ltr'>παρόντων</span> <span class='ocrx_word' id='word_1_112' title='bbox 1314 959 1405 1041; x_wconf 85' lang='grc' dir='ltr'>φίλων.</span> <span class='ocrx_word' id='word_1_113' title='bbox 1421 995 1462 1007; x_wconf 89' lang='lat'>-</span> <span class='ocrx_word' id='word_1_114' title='bbox 1474 963 1537 1022; x_wconf 82' lang='grc' dir='ltr'>Τῶν</span> <span class='ocrx_word' id='word_1_115' title='bbox 1550 965 1597 1019; x_wconf 84' lang='grc' dir='ltr'>νῦν</span> <span class='ocrx_word' id='word_1_116' title='bbox 1613 959 1710 1033; x_wconf 84' lang='grc' dir='ltr'>ὄντων]</span> <span class='ocrx_word' id='word_1_117' title='bbox 1726 963 1775 1020; x_wconf 69' lang='grc' dir='ltr'>τῦι</span> 
     </span>
     <span class='ocr_line' id='line_1_9' title="bbox 173 1042 1775 1133; baseline -0.002 -21"><span class='ocrx_word' id='word_1_118' title='bbox 173 1052 328 1133; x_wconf 87' lang='grc' dir='ltr'>ρίνθιοιτοῖς</span> <span class='ocrx_word' id='word_1_119' title='bbox 337 1050 516 1133; x_wconf 90' lang='grc' dir='ltr'>Κερκυραίοις.</span> <span class='ocrx_word' id='word_1_120' title='bbox 528 1085 569 1097; x_wconf 94' lang='grc'>-</span> <span class='ocrx_word' id='word_1_121' title='bbox 580 1048 755 1128; x_wconf 82' lang='grc' dir='ltr'>Ἐγκλήματα</span> <span class='ocrx_word' id='word_1_122' title='bbox 767 1042 883 1130; x_wconf 85' lang='grc' dir='ltr'>ἔχοντες]</span> <span class='ocrx_word' id='word_1_123' title='bbox 895 1045 952 1105; x_wconf 87' lang='grc' dir='ltr'>ἀντὶ</span> <span class='ocrx_word' id='word_1_124' title='bbox 987 1054 1037 1106; x_wconf 85' lang='grc' dir='ltr'>’νῦν</span> <span class='ocrx_word' id='word_1_125' title='bbox 1053 1045 1203 1126; x_wconf 79' lang='grc' dir='ltr'>ἰσχυόντων.</span> <span class='ocrx_word' id='word_1_126' title='bbox 1218 1046 1288 1124; x_wconf 92' lang='grc' dir='ltr'>λέγει</span> <span class='ocrx_word' id='word_1_127' title='bbox 1302 1046 1329 1106; x_wconf 83' lang='grc' dir='ltr'>δί</span> <span class='ocrx_word' id='word_1_128' title='bbox 1344 1047 1501 1120; x_wconf 86' lang='grc' dir='ltr'>Ἀθηναίους.</span> <span class='ocrx_word' id='word_1_129' title='bbox 1521 1083 1564 1094; x_wconf 91' lang='lat'>-</span> <span class='ocrx_word' id='word_1_130' title='bbox 1578 1067 1603 1109; x_wconf 79' lang='grc' dir='ltr'>ι.</span> <span class='ocrx_word' id='word_1_131' title='bbox 1623 1047 1695 1115; x_wconf 72' lang='grc' dir='ltr'>Τσλς</span> <span class='ocrx_word' id='word_1_132' title='bbox 1709 1052 1775 1130; x_wconf 90' lang='grc' dir='ltr'>βαρ·</span> 
     </span>
     <span class='ocr_line' id='line_1_10' title="bbox 172 1132 1776 1219; baseline -0.002 -21"><span class='ocrx_word' id='word_1_133' title='bbox 172 1147 233 1214; x_wconf 88' lang='grc' dir='ltr'>τοῦ,</span> <span class='ocrx_word' id='word_1_134' title='bbox 244 1138 313 1200; x_wconf 82' lang='grc' dir='ltr'>κατά</span> <span class='ocrx_word' id='word_1_135' title='bbox 326 1143 379 1199; x_wconf 88' lang='grc' dir='ltr'>τῶν</span> <span class='ocrx_word' id='word_1_136' title='bbox 389 1136 557 1219; x_wconf 79' lang='grc' dir='ltr'>Κερκυραίων</span> <span class='ocrx_word' id='word_1_137' title='bbox 568 1138 744 1216; x_wconf 87' lang='grc' dir='ltr'>ἐγκαλοῦντες.</span> <span class='ocrx_word' id='word_1_138' title='bbox 756 1137 773 1211; x_wconf 92' lang='lat'>§</span> <span class='ocrx_word' id='word_1_139' title='bbox 784 1133 848 1214; x_wconf 91' lang='grc' dir='ltr'>πρδς</span> <span class='ocrx_word' id='word_1_140' title='bbox 858 1136 951 1214; x_wconf 80' lang='grc' dir='ltr'>Κοριν·</span> <span class='ocrx_word' id='word_1_141' title='bbox 995 1133 1099 1215; x_wconf 83' lang='grc' dir='ltr'>όάρους]</span> <span class='ocrx_word' id='word_1_142' title='bbox 1113 1132 1172 1200; x_wconf 81' lang='grc' dir='ltr'>τοῦς</span> <span class='ocrx_word' id='word_1_143' title='bbox 1190 1132 1377 1201; x_wconf 88' lang='grc' dir='ltr'>Ταυλαντίους.</span> <span class='ocrx_word' id='word_1_144' title='bbox 1392 1164 1427 1175; x_wconf 92' lang='grc'>-</span> <span class='ocrx_word' id='word_1_145' title='bbox 1441 1134 1602 1214; x_wconf 85' lang='grc' dir='ltr'>Ἀπάγωσιν]</span> <span class='ocrx_word' id='word_1_146' title='bbox 1619 1133 1776 1205; x_wconf 80' lang='grc' dir='ltr'>ἀποστήσει·</span> 
     </span>
     <span class='ocr_line' id='line_1_11' title="bbox 135 1216 1806 1302; baseline -0.004 -15"><span class='ocrx_word' id='word_1_147' title='bbox 135 1248 160 1288; x_wconf 84' lang='grc' dir='ltr'>ιο</span> <span class='ocrx_word' id='word_1_148' title='bbox 173 1227 240 1295; x_wconf 92' lang='grc' dir='ltr'>θίους</span> <span class='ocrx_word' id='word_1_149' title='bbox 253 1226 324 1294; x_wconf 79' lang='grc' dir='ltr'>ἰδίοις</span> <span class='ocrx_word' id='word_1_150' title='bbox 337 1216 394 1284; x_wconf 86' lang='grc' dir='ltr'>εἰπε</span> <span class='ocrx_word' id='word_1_151' title='bbox 408 1225 437 1283; x_wconf 78' lang='grc' dir='ltr'>τό</span> <span class='ocrx_word' id='word_1_152' title='bbox 449 1226 569 1300; x_wconf 73' lang='grc' dir='ltr'>ἐγκαλεῖν</span> <span class='ocrx_word' id='word_1_153' title='bbox 580 1221 735 1300; x_wconf 87' lang='grc' dir='ltr'>ἐγκλήματα</span> <span class='ocrx_word' id='word_1_154' title='bbox 749 1220 829 1301; x_wconf 86' lang='grc' dir='ltr'>ἔχειν.</span> <span class='ocrx_word' id='word_1_155' title='bbox 843 1254 884 1266; x_wconf 89' lang='lat'>·-</span> <span class='ocrx_word' id='word_1_156' title='bbox 894 1218 952 1292; x_wconf 76' lang='grc' dir='ltr'>Τὴν</span> <span class='ocrx_word' id='word_1_157' title='bbox 994 1245 1044 1281; x_wconf 90' lang='grc' dir='ltr'>σιν.</span> <span class='ocrx_word' id='word_1_158' title='bbox 1061 1253 1093 1263; x_wconf 93' lang='grc'><strong>-</strong></span> <span class='ocrx_word' id='word_1_159' title='bbox 1107 1242 1129 1281; x_wconf 83' lang='grc' dir='ltr'>ε.</span> <span class='ocrx_word' id='word_1_160' title='bbox 1145 1220 1300 1298; x_wconf 87' lang='grc' dir='ltr'>Ἀντέλεγσν]</span> <span class='ocrx_word' id='word_1_161' title='bbox 1315 1223 1375 1294; x_wconf 84' lang='grc' dir='ltr'>οῦκ,</span> <span class='ocrx_word' id='word_1_162' title='bbox 1394 1222 1497 1281; x_wconf 79' lang='grc' dir='ltr'>ἐναντία</span> <span class='ocrx_word' id='word_1_163' title='bbox 1514 1221 1615 1302; x_wconf 82' lang='grc' dir='ltr'>ἔλεγον,</span> <span class='ocrx_word' id='word_1_164' title='bbox 1637 1220 1709 1281; x_wconf 78' lang='grc' dir='ltr'>ἀλλά</span> <span class='ocrx_word' id='word_1_165' title='bbox 1722 1220 1773 1280; x_wconf 87' lang='grc' dir='ltr'>ἰσα·</span> <span class='ocrx_word' id='word_1_166' title='bbox 1786 1246 1806 1286; x_wconf 83' lang='grc' dir='ltr'>ιε</span> 
     </span>
     <span class='ocr_line' id='line_1_12' title="bbox 172 1299 1774 1396; baseline -0.002 -24"><span class='ocrx_word' id='word_1_167' title='bbox 172 1312 312 1396; x_wconf 80' lang='grc' dir='ltr'>ὠφέλειαν]</span> <span class='ocrx_word' id='word_1_168' title='bbox 323 1311 450 1394; x_wconf 84' lang='grc' dir='ltr'>ὠφέλεια,</span> <span class='ocrx_word' id='word_1_169' title='bbox 461 1309 581 1391; x_wconf 83' lang='grc' dir='ltr'>βοήθεια,</span> <span class='ocrx_word' id='word_1_170' title='bbox 591 1308 743 1388; x_wconf 83' lang='grc' dir='ltr'>συμμαχία,</span> <span class='ocrx_word' id='word_1_171' title='bbox 757 1305 902 1387; x_wconf 88' lang='grc' dir='ltr'>ἐπικουρία.</span> <span class='ocrx_word' id='word_1_172' title='bbox 913 1341 952 1352; x_wconf 90' lang='grc'><strong>-</strong></span> <span class='ocrx_word' id='word_1_173' title='bbox 995 1312 1030 1377; x_wconf 82' lang='grc' dir='ltr'>ὧς</span> <span class='ocrx_word' id='word_1_174' title='bbox 1043 1307 1168 1381; x_wconf 78' lang='grc' dir='ltr'>ἀντίθεος,</span> <span class='ocrx_word' id='word_1_175' title='bbox 1182 1312 1196 1366; x_wconf 83' lang='grc' dir='ltr'>θ</span> <span class='ocrx_word' id='word_1_176' title='bbox 1206 1307 1310 1375; x_wconf 89' lang='grc' dir='ltr'>ἰσόθεος.</span> <span class='ocrx_word' id='word_1_177' title='bbox 1319 1340 1354 1349; x_wconf 94' lang='grc'><strong>-</strong></span> <span class='ocrx_word' id='word_1_178' title='bbox 1363 1304 1487 1386; x_wconf 78' lang='grc' dir='ltr'>Ἕτοιμσι</span> <span class='ocrx_word' id='word_1_179' title='bbox 1500 1299 1654 1382; x_wconf 82' lang='grc' dir='ltr'>δίεἰναι...]</span> <span class='ocrx_word' id='word_1_180' title='bbox 1663 1307 1722 1368; x_wconf 81' lang='grc' dir='ltr'>ἀντὶ</span> <span class='ocrx_word' id='word_1_181' title='bbox 1733 1312 1774 1368; x_wconf 78' lang='grc' dir='ltr'>τοῦ</span> 
     </span>
     <span class='ocr_line' id='line_1_13' title="bbox 172 1393 1774 1480; baseline -0.002 -19"><span class='ocrx_word' id='word_1_182' title='bbox 172 1399 229 1462; x_wconf 78' lang='grc' dir='ltr'>Καὶ</span> <span class='ocrx_word' id='word_1_183' title='bbox 241 1403 340 1460; x_wconf 73' lang='grc' dir='ltr'>ἑαυτῶν</span> <span class='ocrx_word' id='word_1_184' title='bbox 357 1397 494 1480; x_wconf 79' lang='grc' dir='ltr'>φρουρούς]</span> <span class='ocrx_word' id='word_1_185' title='bbox 514 1395 630 1474; x_wconf 82' lang='grc' dir='ltr'>ἔπεμπον</span> <span class='ocrx_word' id='word_1_186' title='bbox 649 1393 775 1467; x_wconf 90' lang='grc' dir='ltr'>δηλονότι.</span> <span class='ocrx_word' id='word_1_187' title='bbox 793 1429 835 1439; x_wconf 94' lang='lat'>-</span> <span class='ocrx_word' id='word_1_188' title='bbox 852 1415 874 1453; x_wconf 82' lang='grc' dir='ltr'>ο.</span> <span class='ocrx_word' id='word_1_189' title='bbox 893 1394 953 1453; x_wconf 88' lang='grc' dir='ltr'>Πε-</span> <span class='ocrx_word' id='word_1_190' title='bbox 995 1395 1227 1476; x_wconf 77' lang='grc' dir='ltr'>έτοίμωςέχουσιν,</span> <span class='ocrx_word' id='word_1_191' title='bbox 1238 1394 1308 1473; x_wconf 83' lang='grc' dir='ltr'>εἰμι]</span> <span class='ocrx_word' id='word_1_192' title='bbox 1321 1394 1564 1475; x_wconf 85' lang='grc' dir='ltr'>ἐκεῖνοβοόλονται,</span> <span class='ocrx_word' id='word_1_193' title='bbox 1575 1395 1774 1468; x_wconf 75' lang='grc' dir='ltr'>σπονδάςποιή-</span> 
     </span>
     <span class='ocr_line' id='line_1_14' title="bbox 173 1480 1774 1570; baseline -0.002 -23"><span class='ocrx_word' id='word_1_194' title='bbox 173 1486 332 1570; x_wconf 86' lang='grc' dir='ltr'>ραιοάμενοι]</span> <span class='ocrx_word' id='word_1_195' title='bbox 346 1484 475 1553; x_wconf 89' lang='grc' dir='ltr'>πλέοντες.</span> <span class='ocrx_word' id='word_1_196' title='bbox 486 1519 528 1532; x_wconf 94' lang='grc'>-</span> <span class='ocrx_word' id='word_1_197' title='bbox 538 1505 561 1545; x_wconf 80' lang='grc' dir='ltr'>ε.</span> <span class='ocrx_word' id='word_1_198' title='bbox 568 1483 626 1557; x_wconf 83' lang='grc' dir='ltr'>Τήν</span> <span class='ocrx_word' id='word_1_199' title='bbox 637 1506 666 1542; x_wconf 90' lang='grc' dir='ltr'>τε</span> <span class='ocrx_word' id='word_1_200' title='bbox 674 1481 796 1542; x_wconf 80' lang='grc' dir='ltr'>ἀποικίαν</span> <span class='ocrx_word' id='word_1_201' title='bbox 809 1480 953 1562; x_wconf 83' lang='grc' dir='ltr'>Κορινθίοις</span> <span class='ocrx_word' id='word_1_202' title='bbox 995 1489 1103 1557; x_wconf 90' lang='grc' dir='ltr'>σασθαι,</span> <span class='ocrx_word' id='word_1_203' title='bbox 1115 1482 1201 1563; x_wconf 84' lang='grc' dir='ltr'>μένειν</span> <span class='ocrx_word' id='word_1_204' title='bbox 1211 1485 1238 1543; x_wconf 89' lang='grc' dir='ltr'>ἐν</span> <span class='ocrx_word' id='word_1_205' title='bbox 1252 1483 1408 1565; x_wconf 83' lang='grc' dir='ltr'>Ἐπιδάμνῳ</span> <span class='ocrx_word' id='word_1_206' title='bbox 1420 1482 1465 1542; x_wconf 86' lang='grc' dir='ltr'>καί</span> <span class='ocrx_word' id='word_1_207' title='bbox 1475 1483 1533 1552; x_wconf 81' lang='grc' dir='ltr'>τοῦς</span> <span class='ocrx_word' id='word_1_208' title='bbox 1539 1483 1711 1567; x_wconf 82' lang='grc' dir='ltr'>πεμφθέντας</span> <span class='ocrx_word' id='word_1_209' title='bbox 1724 1486 1774 1545; x_wconf 85' lang='grc' dir='ltr'>Κο-</span> 
     </span>
     <span class='ocr_line' id='line_1_15' title="bbox 173 1569 1776 1654; baseline -0.003 -18"><span class='ocrx_word' id='word_1_210' title='bbox 173 1574 324 1648; x_wconf 80' lang='grc' dir='ltr'>δεδομένην]</span> <span class='ocrx_word' id='word_1_211' title='bbox 342 1572 477 1646; x_wconf 86' lang='grc' dir='ltr'>τουτέστι,</span> <span class='ocrx_word' id='word_1_212' title='bbox 490 1571 538 1644; x_wconf 80' lang='grc' dir='ltr'>τὴν</span> <span class='ocrx_word' id='word_1_213' title='bbox 558 1575 610 1631; x_wconf 84' lang='grc' dir='ltr'>τῶν</span> <span class='ocrx_word' id='word_1_214' title='bbox 631 1569 815 1647; x_wconf 83' lang='grc' dir='ltr'>Ἐπιδαμνίων</span> <span class='ocrx_word' id='word_1_215' title='bbox 827 1577 880 1637; x_wconf 91' lang='grc' dir='ltr'>τοῖς</span> <span class='ocrx_word' id='word_1_216' title='bbox 894 1573 952 1631; x_wconf 90' lang='grc' dir='ltr'>Κο-</span> <span class='ocrx_word' id='word_1_217' title='bbox 996 1570 1095 1654; x_wconf 87' lang='grc' dir='ltr'>ρινθίων</span> <span class='ocrx_word' id='word_1_218' title='bbox 1111 1570 1155 1630; x_wconf 88' lang='grc' dir='ltr'>καί</span> <span class='ocrx_word' id='word_1_219' title='bbox 1165 1569 1224 1638; x_wconf 82' lang='grc' dir='ltr'>τοῦς</span> <span class='ocrx_word' id='word_1_220' title='bbox 1236 1571 1400 1652; x_wconf 85' lang='grc' dir='ltr'>πεμφθέντας</span> <span class='ocrx_word' id='word_1_221' title='bbox 1414 1570 1595 1652; x_wconf 71' lang='grc' dir='ltr'>Κερκυραίων,</span> <span class='ocrx_word' id='word_1_222' title='bbox 1603 1570 1776 1654; x_wconf 77' lang='grc' dir='ltr'>μηδίνπράτ·</span> 
     </span>
     <span class='ocr_line' id='line_1_16' title="bbox 135 1654 1804 1746; baseline -0.003 -23"><span class='ocrx_word' id='word_1_223' title='bbox 135 1693 161 1734; x_wconf 73' lang='grc' dir='ltr'>ις</span> <span class='ocrx_word' id='word_1_224' title='bbox 175 1662 276 1746; x_wconf 87' lang='grc' dir='ltr'>ρινθίοις</span> <span class='ocrx_word' id='word_1_225' title='bbox 296 1659 500 1743; x_wconf 81' lang='grc' dir='ltr'>ἀναφερομένην.</span> <span class='ocrx_word' id='word_1_226' title='bbox 522 1694 564 1706; x_wconf 90' lang='lat'><em>-</em></span> <span class='ocrx_word' id='word_1_227' title='bbox 583 1657 652 1725; x_wconf 88' lang='grc' dir='ltr'>Τοός</span> <span class='ocrx_word' id='word_1_228' title='bbox 674 1681 703 1716; x_wconf 91' lang='grc' dir='ltr'>τε</span> <span class='ocrx_word' id='word_1_229' title='bbox 725 1655 875 1739; x_wconf 84' lang='grc' dir='ltr'>φεόγοντας]</span> <span class='ocrx_word' id='word_1_230' title='bbox 895 1654 953 1723; x_wconf 82' lang='grc' dir='ltr'>τοῦς</span> <span class='ocrx_word' id='word_1_231' title='bbox 995 1683 1086 1727; x_wconf 89' lang='grc' dir='ltr'>τοντας</span> <span class='ocrx_word' id='word_1_232' title='bbox 1100 1662 1135 1726; x_wconf 88' lang='grc' dir='ltr'>εἰς</span> <span class='ocrx_word' id='word_1_233' title='bbox 1149 1658 1273 1732; x_wconf 81' lang='grc' dir='ltr'>κάκωσιν,</span> <span class='ocrx_word' id='word_1_234' title='bbox 1288 1659 1336 1727; x_wconf 76' lang='grc' dir='ltr'>ἕως</span> <span class='ocrx_word' id='word_1_235' title='bbox 1349 1659 1381 1718; x_wconf 85' lang='grc' dir='ltr'>ἀν</span> <span class='ocrx_word' id='word_1_236' title='bbox 1399 1658 1473 1726; x_wconf 85' lang='grc' dir='ltr'>δίκας</span> <span class='ocrx_word' id='word_1_237' title='bbox 1491 1658 1619 1720; x_wconf 74' lang='grc' dir='ltr'>δείσωσιν.</span> <span class='ocrx_word' id='word_1_238' title='bbox 1641 1692 1680 1704; x_wconf 93' lang='lat'>-</span> <span class='ocrx_word' id='word_1_239' title='bbox 1699 1656 1804 1720; x_wconf 76' lang='grc' dir='ltr'>Κατάιε</span> 
     </span>
     <span class='ocr_line' id='line_1_17' title="bbox 172 1742 1776 1830; baseline -0.004 -18"><span class='ocrx_word' id='word_1_240' title='bbox 172 1749 318 1817; x_wconf 83' lang='grc' dir='ltr'>πλουσίους.</span> <span class='ocrx_word' id='word_1_241' title='bbox 333 1753 350 1826; x_wconf 88' lang='lat'>§</span> <span class='ocrx_word' id='word_1_242' title='bbox 364 1748 423 1816; x_wconf 80' lang='grc' dir='ltr'>τοὺς</span> <span class='ocrx_word' id='word_1_243' title='bbox 435 1747 560 1830; x_wconf 88' lang='grc' dir='ltr'>φυγάδας.</span> <span class='ocrx_word' id='word_1_244' title='bbox 579 1781 621 1793; x_wconf 93' lang='lat'>·-</span> <span class='ocrx_word' id='word_1_245' title='bbox 642 1745 710 1808; x_wconf 88' lang='grc' dir='ltr'>Κατ’</span> <span class='ocrx_word' id='word_1_246' title='bbox 730 1743 863 1826; x_wconf 76' lang='grc' dir='ltr'>ἐπήρειαν]</span> <span class='ocrx_word' id='word_1_247' title='bbox 883 1742 953 1803; x_wconf 87' lang='grc' dir='ltr'>κατδι</span> <span class='ocrx_word' id='word_1_248' title='bbox 994 1744 1095 1827; x_wconf 80' lang='grc' dir='ltr'>χώραν]</span> <span class='ocrx_word' id='word_1_249' title='bbox 1114 1747 1153 1828; x_wconf 75' lang='grc' dir='ltr'>ἐφ’</span> <span class='ocrx_word' id='word_1_250' title='bbox 1169 1746 1296 1827; x_wconf 76' lang='grc' dir='ltr'>ἡσυχίας,</span> <span class='ocrx_word' id='word_1_251' title='bbox 1309 1744 1352 1806; x_wconf 86' lang='grc' dir='ltr'>ἰνα</span> <span class='ocrx_word' id='word_1_252' title='bbox 1367 1743 1405 1822; x_wconf 77' lang='grc' dir='ltr'>μή</span> <span class='ocrx_word' id='word_1_253' title='bbox 1425 1747 1452 1803; x_wconf 82' lang='grc' dir='ltr'>ἐν</span> <span class='ocrx_word' id='word_1_254' title='bbox 1473 1748 1511 1827; x_wconf 79' lang='grc' dir='ltr'>τῷ</span> <span class='ocrx_word' id='word_1_255' title='bbox 1529 1743 1629 1822; x_wconf 78' lang='grc' dir='ltr'>μεταξὺ</span> <span class='ocrx_word' id='word_1_256' title='bbox 1648 1745 1776 1818; x_wconf 61' lang='grc' dir='ltr'>ἀλλήλοις</span> 
     </span>
     <span class='ocr_line' id='line_1_18' title="bbox 174 1830 1114 1918; baseline -0.004 -22"><span class='ocrx_word' id='word_1_257' title='bbox 174 1837 275 1918; x_wconf 83' lang='grc' dir='ltr'>βλάἀην</span> <span class='ocrx_word' id='word_1_258' title='bbox 296 1835 341 1895; x_wconf 85' lang='grc' dir='ltr'>καί</span> <span class='ocrx_word' id='word_1_259' title='bbox 354 1834 455 1908; x_wconf 87' lang='grc' dir='ltr'>στάσιν,</span> <span class='ocrx_word' id='word_1_260' title='bbox 469 1834 539 1900; x_wconf 84' lang='grc' dir='ltr'>ὅπως</span> <span class='ocrx_word' id='word_1_261' title='bbox 556 1833 637 1892; x_wconf 90' lang='grc' dir='ltr'>πάλιν</span> <span class='ocrx_word' id='word_1_262' title='bbox 655 1830 846 1892; x_wconf 79' lang='grc' dir='ltr'>στασιάσωσιν·</span> <span class='ocrx_word' id='word_1_263' title='bbox 861 1831 878 1904; x_wconf 81' lang='grc' dir='ltr'>ἢ</span> <span class='ocrx_word' id='word_1_264' title='bbox 892 1836 952 1891; x_wconf 83' lang='grc' dir='ltr'>κατ’</span> <span class='ocrx_word' id='word_1_265' title='bbox 995 1836 1114 1894; x_wconf 79' lang='grc' dir='ltr'>ἀδικῶσι.</span> 
     </span>
     <span class='ocr_line' id='line_1_19' title="bbox 173 1916 1774 2005; baseline -0.003 -20"><span class='ocrx_word' id='word_1_266' title='bbox 173 1924 293 1996; x_wconf 88' lang='grc' dir='ltr'>ἀπειλήν.</span> <span class='ocrx_word' id='word_1_267' title='bbox 307 1922 368 2005; x_wconf 89' lang='grc' dir='ltr'>τρία</span> <span class='ocrx_word' id='word_1_268' title='bbox 380 1921 436 1994; x_wconf 88' lang='grc' dir='ltr'>εἰδη</span> <span class='ocrx_word' id='word_1_269' title='bbox 454 1919 607 2001; x_wconf 83' lang='grc' dir='ltr'>ὀλιγωρίας,</span> <span class='ocrx_word' id='word_1_270' title='bbox 618 1919 824 2002; x_wconf 81' lang='grc' dir='ltr'>καταφρόνησις,</span> <span class='ocrx_word' id='word_1_271' title='bbox 840 1921 953 2000; x_wconf 86' lang='grc' dir='ltr'>ἐπηρεα-</span> <span class='ocrx_word' id='word_1_272' title='bbox 1035 1922 1140 1982; x_wconf 85' lang='grc' dir='ltr'>ΚΧΙΚ.</span> <span class='ocrx_word' id='word_1_273' title='bbox 1153 1918 1363 2002; x_wconf 77' lang='grc' dir='ltr'>Προπέμψαντες</span> <span class='ocrx_word' id='word_1_274' title='bbox 1371 1918 1484 2002; x_wconf 85' lang='grc' dir='ltr'>κήρυκα]</span> <span class='ocrx_word' id='word_1_275' title='bbox 1495 1916 1544 2000; x_wconf 86' lang='grc' dir='ltr'>δρα</span> <span class='ocrx_word' id='word_1_276' title='bbox 1555 1921 1592 1987; x_wconf 79' lang='grc' dir='ltr'>ὥς</span> <span class='ocrx_word' id='word_1_277' title='bbox 1602 1919 1774 2003; x_wconf 78' lang='grc' dir='ltr'>κατεφρόνωι</span> 
     </span>
     <span class='ocr_line' id='line_1_20' title="bbox 152 2005 1776 2092; baseline -0.006 -18"><span class='ocrx_word' id='word_1_278' title='bbox 152 2011 157 2020; x_wconf 73' lang='grc'><em>’</em></span> <span class='ocrx_word' id='word_1_279' title='bbox 173 2012 253 2092; x_wconf 87' lang='grc' dir='ltr'>σμδς,</span> <span class='ocrx_word' id='word_1_280' title='bbox 267 2011 313 2072; x_wconf 89' lang='grc' dir='ltr'>καί</span> <span class='ocrx_word' id='word_1_281' title='bbox 327 2010 409 2090; x_wconf 82' lang='grc' dir='ltr'>θόρις.</span> <span class='ocrx_word' id='word_1_282' title='bbox 423 2007 519 2069; x_wconf 86' lang='grc' dir='ltr'>τοότων</span> <span class='ocrx_word' id='word_1_283' title='bbox 531 2006 582 2087; x_wconf 84' lang='grc' dir='ltr'>γάρ</span> <span class='ocrx_word' id='word_1_284' title='bbox 601 2009 760 2088; x_wconf 87' lang='grc' dir='ltr'>καταφρονεῖ</span> <span class='ocrx_word' id='word_1_285' title='bbox 769 2030 822 2078; x_wconf 90' lang='grc' dir='ltr'>τις,</span> <span class='ocrx_word' id='word_1_286' title='bbox 837 2005 855 2065; x_wconf 84' lang='grc' dir='ltr'>θ</span> <span class='ocrx_word' id='word_1_287' title='bbox 869 2005 952 2083; x_wconf 72' lang='grc' dir='ltr'>μηδε-</span> <span class='ocrx_word' id='word_1_288' title='bbox 995 2011 1019 2069; x_wconf 82' lang='grc' dir='ltr'>οἰ</span> <span class='ocrx_word' id='word_1_289' title='bbox 1036 2008 1175 2088; x_wconf 90' lang='grc' dir='ltr'>Κορίνθιοι·</span> <span class='ocrx_word' id='word_1_290' title='bbox 1190 2011 1218 2068; x_wconf 76' lang='grc' dir='ltr'>οἰ</span> <span class='ocrx_word' id='word_1_291' title='bbox 1238 2008 1289 2087; x_wconf 77' lang='grc' dir='ltr'>γὰρ</span> <span class='ocrx_word' id='word_1_292' title='bbox 1302 2007 1386 2088; x_wconf 89' lang='grc' dir='ltr'>λάθρα</span> <span class='ocrx_word' id='word_1_293' title='bbox 1401 2007 1537 2068; x_wconf 81' lang='grc' dir='ltr'>ἐόοόλοντο</span> <span class='ocrx_word' id='word_1_294' title='bbox 1554 2009 1642 2070; x_wconf 82' lang='grc' dir='ltr'>πλεῖν.</span> <span class='ocrx_word' id='word_1_295' title='bbox 1661 2040 1697 2052; x_wconf 95' lang='grc'>-</span> <span class='ocrx_word' id='word_1_296' title='bbox 1717 2008 1776 2081; x_wconf 78' lang='grc' dir='ltr'>Κή-</span> 
     </span>
     <span class='ocr_line' id='line_1_21' title="bbox 133 2094 1807 2178; baseline -0.007 -17"><span class='ocrx_word' id='word_1_297' title='bbox 133 2133 161 2175; x_wconf 73' lang='lat'>2⁰</span> <span class='ocrx_word' id='word_1_298' title='bbox 173 2101 214 2168; x_wconf 86' lang='grc' dir='ltr'>νίις</span> <span class='ocrx_word' id='word_1_299' title='bbox 222 2104 333 2178; x_wconf 82' lang='grc' dir='ltr'>ἡγεῖται.</span> <span class='ocrx_word' id='word_1_300' title='bbox 345 2095 473 2178; x_wconf 80' lang='grc' dir='ltr'>καλγθρθ</span> <span class='ocrx_word' id='word_1_301' title='bbox 484 2094 634 2176; x_wconf 81' lang='grc' dir='ltr'>ἐπηρεάζων</span> <span class='ocrx_word' id='word_1_302' title='bbox 644 2094 951 2175; x_wconf 87' lang='grc' dir='ltr'>φαίνεταικαταφρονεῐν.</span> <span class='ocrx_word' id='word_1_303' title='bbox 997 2104 1073 2178; x_wconf 83' lang='grc' dir='ltr'>ρυκα]</span> <span class='ocrx_word' id='word_1_304' title='bbox 1088 2095 1169 2176; x_wconf 78' lang='grc' dir='ltr'>κήρυξ</span> <span class='ocrx_word' id='word_1_305' title='bbox 1183 2098 1210 2154; x_wconf 79' lang='grc' dir='ltr'>ἐν</span> <span class='ocrx_word' id='word_1_306' title='bbox 1229 2094 1353 2177; x_wconf 84' lang='grc' dir='ltr'>πολέμῳ,</span> <span class='ocrx_word' id='word_1_307' title='bbox 1371 2094 1493 2177; x_wconf 81' lang='grc' dir='ltr'>πρέσόεις</span> <span class='ocrx_word' id='word_1_308' title='bbox 1506 2097 1534 2154; x_wconf 87' lang='grc' dir='ltr'>ἐν</span> <span class='ocrx_word' id='word_1_309' title='bbox 1547 2094 1649 2176; x_wconf 81' lang='grc' dir='ltr'>εἰρήνη.</span> <span class='ocrx_word' id='word_1_310' title='bbox 1664 2124 1702 2136; x_wconf 94' lang='grc'>-</span> <span class='ocrx_word' id='word_1_311' title='bbox 1713 2099 1773 2164; x_wconf 83' lang='grc' dir='ltr'>Δις-</span> <span class='ocrx_word' id='word_1_312' title='bbox 1781 2107 1807 2147; x_wconf 76' lang='lat'>¹⁰</span> 
     </span>
     <span class='ocr_line' id='line_1_22' title="bbox 173 2180 1774 2267; baseline -0.001 -20"><span class='ocrx_word' id='word_1_313' title='bbox 173 2184 359 2267; x_wconf 85' lang='grc' dir='ltr'>έστιγάρκατά</span> <span class='ocrx_word' id='word_1_314' title='bbox 367 2181 546 2266; x_wconf 72' lang='grc' dir='ltr'>Ἀριστοτέλην</span> <span class='ocrx_word' id='word_1_315' title='bbox 554 2180 747 2262; x_wconf 84' lang='grc' dir='ltr'>ὁέπηρεασμός,</span> <span class='ocrx_word' id='word_1_316' title='bbox 755 2180 953 2258; x_wconf 65' lang='grc' dir='ltr'>ἐμποδισμός”</span> <span class='ocrx_word' id='word_1_317' title='bbox 995 2184 1088 2265; x_wconf 85' lang='grc' dir='ltr'>χιλίοις</span> <span class='ocrx_word' id='word_1_318' title='bbox 1097 2208 1126 2243; x_wconf 89' lang='grc' dir='ltr'>τε</span> <span class='ocrx_word' id='word_1_319' title='bbox 1133 2183 1259 2256; x_wconf 78' lang='grc' dir='ltr'>ὁπλίταις]</span> <span class='ocrx_word' id='word_1_320' title='bbox 1273 2182 1319 2243; x_wconf 85' lang='grc' dir='ltr'>καί</span> <span class='ocrx_word' id='word_1_321' title='bbox 1331 2181 1383 2261; x_wconf 78' lang='grc' dir='ltr'>μὴν</span> <span class='ocrx_word' id='word_1_322' title='bbox 1396 2182 1451 2241; x_wconf 88' lang='grc' dir='ltr'>ἀνω</span> <span class='ocrx_word' id='word_1_323' title='bbox 1457 2182 1611 2263; x_wconf 83' lang='grc' dir='ltr'>τριςχιλίους</span> <span class='ocrx_word' id='word_1_324' title='bbox 1623 2182 1774 2261; x_wconf 81' lang='grc' dir='ltr'>ἡτοίμαζον.</span> 
     </span>
     <span class='ocr_line' id='line_1_23' title="bbox 172 2263 1776 2352; baseline -0.001 -19"><span class='ocrx_word' id='word_1_325' title='bbox 172 2309 213 2320; x_wconf 93' lang='grc'>-</span> <span class='ocrx_word' id='word_1_326' title='bbox 235 2272 345 2345; x_wconf 83' lang='grc' dir='ltr'>Αθτοός]</span> <span class='ocrx_word' id='word_1_327' title='bbox 370 2270 430 2338; x_wconf 82' lang='grc' dir='ltr'>τοῦς</span> <span class='ocrx_word' id='word_1_328' title='bbox 453 2267 653 2345; x_wconf 83' lang='grc' dir='ltr'>Ἔπιδαμνίους.</span> <span class='ocrx_word' id='word_1_329' title='bbox 671 2302 712 2314; x_wconf 92' lang='grc'>-</span> <span class='ocrx_word' id='word_1_330' title='bbox 734 2267 952 2340; x_wconf 85' lang='grc' dir='ltr'>Ἀποδεικνόντες]</span> <span class='ocrx_word' id='word_1_331' title='bbox 997 2271 1087 2352; x_wconf 76' lang='grc' dir='ltr'>ῥητέον</span> <span class='ocrx_word' id='word_1_332' title='bbox 1105 2263 1149 2331; x_wconf 85' lang='grc' dir='ltr'>οῦν</span> <span class='ocrx_word' id='word_1_333' title='bbox 1168 2269 1208 2330; x_wconf 87' lang='grc' dir='ltr'>ότι</span> <span class='ocrx_word' id='word_1_334' title='bbox 1226 2270 1288 2337; x_wconf 78' lang='grc' dir='ltr'>ἴσως</span> <span class='ocrx_word' id='word_1_335' title='bbox 1302 2273 1349 2330; x_wconf 89' lang='grc' dir='ltr'>σιίκ</span> <span class='ocrx_word' id='word_1_336' title='bbox 1369 2263 1400 2344; x_wconf 78' lang='grc' dir='ltr'>ήν</span> <span class='ocrx_word' id='word_1_337' title='bbox 1417 2270 1495 2350; x_wconf 87' lang='grc' dir='ltr'>χρεία</span> <span class='ocrx_word' id='word_1_338' title='bbox 1515 2274 1566 2329; x_wconf 83' lang='grc' dir='ltr'>τῶν</span> <span class='ocrx_word' id='word_1_339' title='bbox 1580 2269 1686 2351; x_wconf 90' lang='grc' dir='ltr'>χιλίων·</span> <span class='ocrx_word' id='word_1_340' title='bbox 1700 2271 1718 2344; x_wconf 73' lang='grc' dir='ltr'>θ,</span> <span class='ocrx_word' id='word_1_341' title='bbox 1733 2271 1776 2331; x_wconf 85' lang='grc' dir='ltr'>ιιαί</span> 
     </span>
     <span class='ocr_line' id='line_1_24' title="bbox 173 2353 1776 2442; baseline 0 -22"><span class='ocrx_word' id='word_1_342' title='bbox 173 2364 196 2420; x_wconf 87' lang='grc' dir='ltr'>οἰ</span> <span class='ocrx_word' id='word_1_343' title='bbox 207 2356 338 2421; x_wconf 86' lang='grc' dir='ltr'>πλοόσισι.</span> <span class='ocrx_word' id='word_1_344' title='bbox 352 2393 394 2404; x_wconf 91' lang='lat'>-·</span> <span class='ocrx_word' id='word_1_345' title='bbox 412 2355 617 2437; x_wconf 86' lang='grc' dir='ltr'>Πρσῖσχόμενοι]</span> <span class='ocrx_word' id='word_1_346' title='bbox 635 2353 820 2435; x_wconf 74' lang='grc' dir='ltr'>προτείνοντες.</span> <span class='ocrx_word' id='word_1_347' title='bbox 829 2389 871 2401; x_wconf 91' lang='lat'>·-·</span> <span class='ocrx_word' id='word_1_348' title='bbox 884 2355 953 2423; x_wconf 79' lang='grc' dir='ltr'>Τοῦτ</span> <span class='ocrx_word' id='word_1_349' title='bbox 995 2365 1214 2442; x_wconf 85' lang='grc' dir='ltr'>καταφρονοῦντες</span> <span class='ocrx_word' id='word_1_350' title='bbox 1227 2363 1278 2417; x_wconf 81' lang='grc' dir='ltr'>τῶν</span> <span class='ocrx_word' id='word_1_351' title='bbox 1295 2357 1462 2440; x_wconf 80' lang='grc' dir='ltr'>Κερκυραίων</span> <span class='ocrx_word' id='word_1_352' title='bbox 1476 2364 1553 2419; x_wconf 91' lang='grc' dir='ltr'>τοῦτο</span> <span class='ocrx_word' id='word_1_353' title='bbox 1566 2365 1695 2418; x_wconf 91' lang='grc' dir='ltr'>ποιοῦσιν.</span> <span class='ocrx_word' id='word_1_354' title='bbox 1708 2389 1744 2401; x_wconf 89' lang='grc'><strong>-</strong></span> <span class='ocrx_word' id='word_1_355' title='bbox 1755 2379 1776 2420; x_wconf 79' lang='grc' dir='ltr'>ι.</span> 
     </span>
     <span class='ocr_line' id='line_1_25' title="bbox 172 2442 1777 2529; baseline -0.002 -21"><span class='ocrx_word' id='word_1_356' title='bbox 172 2472 201 2508; x_wconf 90' lang='grc' dir='ltr'>τε</span> <span class='ocrx_word' id='word_1_357' title='bbox 222 2446 356 2529; x_wconf 77' lang='grc' dir='ltr'>φρουρούς]</span> <span class='ocrx_word' id='word_1_358' title='bbox 379 2444 432 2503; x_wconf 84' lang='grc' dir='ltr'>ἀπδ</span> <span class='ocrx_word' id='word_1_359' title='bbox 450 2449 536 2503; x_wconf 88' lang='grc' dir='ltr'>κοινοῦ</span> <span class='ocrx_word' id='word_1_360' title='bbox 551 2443 581 2502; x_wconf 83' lang='grc' dir='ltr'>τὸ</span> <span class='ocrx_word' id='word_1_361' title='bbox 601 2442 717 2502; x_wconf 83' lang='grc' dir='ltr'>ἐκέλευον</span> <span class='ocrx_word' id='word_1_362' title='bbox 738 2445 762 2502; x_wconf 80' lang='grc' dir='ltr'>οἱ</span> <span class='ocrx_word' id='word_1_363' title='bbox 784 2445 952 2522; x_wconf 86' lang='grc' dir='ltr'>Κερκυραῖοι.</span> <span class='ocrx_word' id='word_1_364' title='bbox 996 2446 1042 2507; x_wconf 91' lang='grc' dir='ltr'>Ἐν</span> <span class='ocrx_word' id='word_1_365' title='bbox 1057 2444 1150 2527; x_wconf 82' lang='grc' dir='ltr'>Ἀκτίῳ</span> <span class='ocrx_word' id='word_1_366' title='bbox 1163 2450 1210 2518; x_wconf 74' lang='grc' dir='ltr'>τῆς</span> <span class='ocrx_word' id='word_1_367' title='bbox 1224 2443 1389 2524; x_wconf 86' lang='grc' dir='ltr'>Ἀνακτορίας</span> <span class='ocrx_word' id='word_1_368' title='bbox 1401 2449 1459 2522; x_wconf 84' lang='grc' dir='ltr'>γῆς]</span> <span class='ocrx_word' id='word_1_369' title='bbox 1474 2449 1491 2517; x_wconf 77' lang='grc' dir='ltr'>ἡ</span> <span class='ocrx_word' id='word_1_370' title='bbox 1506 2444 1660 2525; x_wconf 90' lang='grc' dir='ltr'>Ἀνακτορία</span> <span class='ocrx_word' id='word_1_371' title='bbox 1674 2469 1709 2525; x_wconf 84' lang='grc' dir='ltr'>γη</span> <span class='ocrx_word' id='word_1_372' title='bbox 1723 2444 1777 2505; x_wconf 76' lang='grc' dir='ltr'>ἐστὶ</span> 
     </span>
     <span class='ocr_line' id='line_1_26' title="bbox 133 2528 1809 2615; baseline -0.001 -22"><span class='ocrx_word' id='word_1_373' title='bbox 133 2570 161 2609; x_wconf 57' lang='grc' dir='ltr'>,ς</span> <span class='ocrx_word' id='word_1_374' title='bbox 174 2568 215 2582; x_wconf 87' lang='lat'>-</span> <span class='ocrx_word' id='word_1_375' title='bbox 226 2532 416 2610; x_wconf 82' lang='grc' dir='ltr'>Ἀποπέμπειν]</span> <span class='ocrx_word' id='word_1_376' title='bbox 429 2535 475 2601; x_wconf 71' lang='grc' dir='ltr'>τῆς</span> <span class='ocrx_word' id='word_1_377' title='bbox 491 2529 666 2606; x_wconf 77' lang='grc' dir='ltr'>Ἐπιδάμνου.</span> <span class='ocrx_word' id='word_1_378' title='bbox 678 2564 719 2575; x_wconf 91' lang='grc'>-</span> <span class='ocrx_word' id='word_1_379' title='bbox 732 2549 753 2589; x_wconf 78' lang='grc' dir='ltr'>ε.</span> <span class='ocrx_word' id='word_1_380' title='bbox 773 2528 852 2590; x_wconf 77' lang='grc' dir='ltr'>Ἀλλά</span> <span class='ocrx_word' id='word_1_381' title='bbox 870 2553 954 2611; x_wconf 87' lang='grc' dir='ltr'>στρα-</span> <span class='ocrx_word' id='word_1_382' title='bbox 996 2538 1042 2606; x_wconf 75' lang='grc' dir='ltr'>τῆς</span> <span class='ocrx_word' id='word_1_383' title='bbox 1055 2533 1177 2614; x_wconf 82' lang='grc' dir='ltr'>ἠπείρου,</span> <span class='ocrx_word' id='word_1_384' title='bbox 1188 2532 1219 2591; x_wconf 84' lang='grc' dir='ltr'>τθ</span> <span class='ocrx_word' id='word_1_385' title='bbox 1231 2533 1253 2591; x_wconf 94' lang='grc' dir='ltr'>δ’</span> <span class='ocrx_word' id='word_1_386' title='bbox 1266 2531 1370 2592; x_wconf 78' lang='grc' dir='ltr'>Ἄκτιον</span> <span class='ocrx_word' id='word_1_387' title='bbox 1380 2530 1472 2608; x_wconf 85' lang='grc' dir='ltr'>λιμήν.</span> <span class='ocrx_word' id='word_1_388' title='bbox 1481 2566 1522 2578; x_wconf 91' lang='grc'><strong>-</strong></span> <span class='ocrx_word' id='word_1_389' title='bbox 1534 2530 1649 2613; x_wconf 80' lang='grc' dir='ltr'>Κήρυκά</span> <span class='ocrx_word' id='word_1_390' title='bbox 1662 2556 1692 2592; x_wconf 87' lang='grc' dir='ltr'>τε</span> <span class='ocrx_word' id='word_1_391' title='bbox 1704 2532 1777 2615; x_wconf 83' lang='grc' dir='ltr'>προέ·</span> <span class='ocrx_word' id='word_1_392' title='bbox 1786 2551 1809 2591; x_wconf 75' lang='grc' dir='ltr'>τε</span> 
     </span>
     <span class='ocr_line' id='line_1_27' title="bbox 173 2614 1777 2703; baseline -0.009 -21"><span class='ocrx_word' id='word_1_393' title='bbox 173 2619 290 2681; x_wconf 79' lang='grc' dir='ltr'>τείνουσιν</span> <span class='ocrx_word' id='word_1_394' title='bbox 302 2619 342 2678; x_wconf 83' lang='grc' dir='ltr'>ἐπ’</span> <span class='ocrx_word' id='word_1_395' title='bbox 355 2616 459 2690; x_wconf 82' lang='grc' dir='ltr'>αὐτούς]</span> <span class='ocrx_word' id='word_1_396' title='bbox 468 2616 513 2676; x_wconf 87' lang='grc' dir='ltr'>καί</span> <span class='ocrx_word' id='word_1_397' title='bbox 521 2614 722 2698; x_wconf 83' lang='grc' dir='ltr'>ἐκστρατεόουσι</span> <span class='ocrx_word' id='word_1_398' title='bbox 733 2616 790 2676; x_wconf 88' lang='grc' dir='ltr'>κατ’</span> <span class='ocrx_word' id='word_1_399' title='bbox 805 2619 900 2677; x_wconf 84' lang='grc' dir='ltr'>αὐτῶν.</span> <span class='ocrx_word' id='word_1_400' title='bbox 914 2652 955 2663; x_wconf 93' lang='grc'>-</span> <span class='ocrx_word' id='word_1_401' title='bbox 996 2624 1115 2703; x_wconf 79' lang='grc' dir='ltr'>πεμψαν]</span> <span class='ocrx_word' id='word_1_402' title='bbox 1127 2619 1171 2680; x_wconf 87' lang='grc' dir='ltr'>ἰνα</span> <span class='ocrx_word' id='word_1_403' title='bbox 1184 2617 1301 2701; x_wconf 77' lang='grc' dir='ltr'>εἰρηνικά</span> <span class='ocrx_word' id='word_1_404' title='bbox 1313 2624 1463 2700; x_wconf 80' lang='grc' dir='ltr'>φρονοῦντες</span> <span class='ocrx_word' id='word_1_405' title='bbox 1472 2617 1636 2691; x_wconf 83' lang='grc' dir='ltr'>δηλώσωσιν.</span> <span class='ocrx_word' id='word_1_406' title='bbox 1649 2655 1693 2668; x_wconf 90' lang='lat'>-·</span> <span class='ocrx_word' id='word_1_407' title='bbox 1705 2620 1777 2681; x_wconf 89' lang='grc' dir='ltr'>Ἀπε.</span> 
     </span>
     <span class='ocr_line' id='line_1_28' title="bbox 174 2702 1777 2788; baseline 0 -22"><span class='ocrx_word' id='word_1_408' title='bbox 174 2709 224 2776; x_wconf 83' lang='grc' dir='ltr'>Ὧς</span> <span class='ocrx_word' id='word_1_409' title='bbox 232 2706 396 2776; x_wconf 87' lang='grc' dir='ltr'>κατάξοντες]</span> <span class='ocrx_word' id='word_1_410' title='bbox 405 2703 465 2772; x_wconf 84' lang='grc' dir='ltr'>τοῦς</span> <span class='ocrx_word' id='word_1_411' title='bbox 478 2703 694 2786; x_wconf 89' lang='grc' dir='ltr'>φυγάδας·τοῦτο</span> <span class='ocrx_word' id='word_1_412' title='bbox 702 2702 753 2785; x_wconf 77' lang='grc' dir='ltr'>γάρ</span> <span class='ocrx_word' id='word_1_413' title='bbox 765 2704 951 2764; x_wconf 74' lang='grc' dir='ltr'>ὑπακουστέον.</span> <span class='ocrx_word' id='word_1_414' title='bbox 998 2714 1102 2786; x_wconf 84' lang='grc' dir='ltr'>ροῦντα]</span> <span class='ocrx_word' id='word_1_415' title='bbox 1126 2706 1356 2787; x_wconf 81' lang='grc' dir='ltr'>ἀπαγορεῦσοντα,</span> <span class='ocrx_word' id='word_1_416' title='bbox 1389 2707 1601 2788; x_wconf 69' lang='grc' dir='ltr'>ἀποστρέφοντα,</span> <span class='ocrx_word' id='word_1_417' title='bbox 1617 2704 1655 2766; x_wconf 78' lang='grc' dir='ltr'>τά</span> <span class='ocrx_word' id='word_1_418' title='bbox 1675 2706 1777 2766; x_wconf 87' lang='grc' dir='ltr'>ἐναντία</span> 
     </span>
     <span class='ocr_line' id='line_1_29' title="bbox 172 2790 1778 2878; baseline -0.002 -23"><span class='ocrx_word' id='word_1_419' title='bbox 172 2796 204 2857; x_wconf 86' lang='grc' dir='ltr'>τδ</span> <span class='ocrx_word' id='word_1_420' title='bbox 215 2794 286 2868; x_wconf 72' lang='grc' dir='ltr'>ἑξῆς,</span> <span class='ocrx_word' id='word_1_421' title='bbox 295 2791 465 2874; x_wconf 80' lang='grc' dir='ltr'>στρατεύουσι</span> <span class='ocrx_word' id='word_1_422' title='bbox 475 2792 523 2852; x_wconf 88' lang='grc' dir='ltr'>καί</span> <span class='ocrx_word' id='word_1_423' title='bbox 532 2790 591 2860; x_wconf 82' lang='grc' dir='ltr'>τοῦς</span> <span class='ocrx_word' id='word_1_424' title='bbox 600 2791 742 2872; x_wconf 76' lang='grc' dir='ltr'>Ἰλλυριοὺς</span> <span class='ocrx_word' id='word_1_425' title='bbox 753 2793 952 2874; x_wconf 81' lang='grc' dir='ltr'>προςλαόόντες.</span> <span class='ocrx_word' id='word_1_426' title='bbox 997 2798 1114 2878; x_wconf 89' lang='grc' dir='ltr'>ἐροῦντα.</span> <span class='ocrx_word' id='word_1_427' title='bbox 1128 2828 1169 2842; x_wconf 92' lang='lat'>·-</span> <span class='ocrx_word' id='word_1_428' title='bbox 1182 2794 1342 2874; x_wconf 86' lang='grc' dir='ltr'>Ἐπλήρουν]</span> <span class='ocrx_word' id='word_1_429' title='bbox 1356 2795 1454 2873; x_wconf 84' lang='grc' dir='ltr'>ἀνδρῶν</span> <span class='ocrx_word' id='word_1_430' title='bbox 1469 2792 1597 2865; x_wconf 84' lang='grc' dir='ltr'>δηλονότι.</span> <span class='ocrx_word' id='word_1_431' title='bbox 1610 2827 1654 2839; x_wconf 89' lang='grc'><strong>-</strong></span> <span class='ocrx_word' id='word_1_432' title='bbox 1665 2792 1778 2862; x_wconf 80' lang='grc' dir='ltr'>Ζεῦξαν-</span> 
     </span>
     <span class='ocr_line' id='line_1_30' title="bbox 172 2877 1777 2963; baseline 0 -20"><span class='ocrx_word' id='word_1_433' title='bbox 172 2918 213 2930; x_wconf 91' lang='lat'>-</span> <span class='ocrx_word' id='word_1_434' title='bbox 226 2905 248 2944; x_wconf 85' lang='grc' dir='ltr'>ε.</span> <span class='ocrx_word' id='word_1_435' title='bbox 267 2878 503 2963; x_wconf 80' lang='grc' dir='ltr'>Προςκαθεζέμενοι</span> <span class='ocrx_word' id='word_1_436' title='bbox 517 2879 545 2938; x_wconf 83' lang='grc' dir='ltr'>δέ</span> <span class='ocrx_word' id='word_1_437' title='bbox 562 2878 610 2951; x_wconf 80' lang='grc' dir='ltr'>τὴν</span> <span class='ocrx_word' id='word_1_438' title='bbox 625 2879 713 2952; x_wconf 88' lang='grc' dir='ltr'>πόλιν]</span> <span class='ocrx_word' id='word_1_439' title='bbox 729 2877 776 2951; x_wconf 74' lang='grc' dir='ltr'>τήν</span> <span class='ocrx_word' id='word_1_440' title='bbox 791 2879 867 2939; x_wconf 88' lang='grc' dir='ltr'>πόλιν</span> <span class='ocrx_word' id='word_1_441' title='bbox 882 2884 953 2943; x_wconf 86' lang='grc' dir='ltr'>Θου·</span> <span class='ocrx_word' id='word_1_442' title='bbox 996 2891 1048 2957; x_wconf 89' lang='grc' dir='ltr'>τες]</span> <span class='ocrx_word' id='word_1_443' title='bbox 1072 2882 1214 2963; x_wconf 80' lang='grc' dir='ltr'>ζυγάματα</span> <span class='ocrx_word' id='word_1_444' title='bbox 1236 2883 1327 2949; x_wconf 80' lang='grc' dir='ltr'>αὐταῖς</span> <span class='ocrx_word' id='word_1_445' title='bbox 1345 2881 1457 2950; x_wconf 75' lang='grc' dir='ltr'>ἐιθέντες</span> <span class='ocrx_word' id='word_1_446' title='bbox 1475 2883 1511 2948; x_wconf 89' lang='grc' dir='ltr'>εἰς</span> <span class='ocrx_word' id='word_1_447' title='bbox 1527 2879 1558 2940; x_wconf 86' lang='grc' dir='ltr'>τθ</span> <span class='ocrx_word' id='word_1_448' title='bbox 1575 2879 1743 2961; x_wconf 86' lang='grc' dir='ltr'>συνέχεσθαι.</span> <span class='ocrx_word' id='word_1_449' title='bbox 1760 2881 1777 2958; x_wconf 83' lang='lat'><em>§</em></span> 
     </span>
     <span class='ocr_line' id='line_1_31' title="bbox 172 2965 1811 3053; baseline -0.003 -21"><span class='ocrx_word' id='word_1_450' title='bbox 172 2971 311 3047; x_wconf 89' lang='grc' dir='ltr'>κυδίδειον,</span> <span class='ocrx_word' id='word_1_451' title='bbox 327 2974 362 3050; x_wconf 83' lang='grc' dir='ltr'>τῆ</span> <span class='ocrx_word' id='word_1_452' title='bbox 374 2967 449 3027; x_wconf 89' lang='grc' dir='ltr'>πόλει</span> <span class='ocrx_word' id='word_1_453' title='bbox 462 2965 555 3027; x_wconf 89' lang='grc' dir='ltr'>ιιοινόν.</span> <span class='ocrx_word' id='word_1_454' title='bbox 571 3001 613 3014; x_wconf 90' lang='lat'>-</span> <span class='ocrx_word' id='word_1_455' title='bbox 627 2966 791 3040; x_wconf 89' lang='grc' dir='ltr'>Ἐπείθοντο]</span> <span class='ocrx_word' id='word_1_456' title='bbox 803 2971 828 3028; x_wconf 85' lang='grc' dir='ltr'>οἰ</span> <span class='ocrx_word' id='word_1_457' title='bbox 842 2968 955 3029; x_wconf 90' lang='grc' dir='ltr'>Ἐπιδά-</span> <span class='ocrx_word' id='word_1_458' title='bbox 997 2971 1207 3053; x_wconf 85' lang='grc' dir='ltr'>εὖτριπίσσιντες,</span> <span class='ocrx_word' id='word_1_459' title='bbox 1221 2968 1280 3037; x_wconf 80' lang='grc' dir='ltr'>τοῦς</span> <span class='ocrx_word' id='word_1_460' title='bbox 1293 2968 1383 3047; x_wconf 81' lang='grc' dir='ltr'>ζυγοῦς</span> <span class='ocrx_word' id='word_1_461' title='bbox 1397 2968 1558 3050; x_wconf 75' lang='grc' dir='ltr'>ἁρμόσαντες</span> <span class='ocrx_word' id='word_1_462' title='bbox 1573 2970 1601 3026; x_wconf 83' lang='grc' dir='ltr'>έν</span> <span class='ocrx_word' id='word_1_463' title='bbox 1619 2971 1720 3036; x_wconf 79' lang='grc' dir='ltr'>αιἰταῖς</span> <span class='ocrx_word' id='word_1_464' title='bbox 1734 2967 1778 3028; x_wconf 84' lang='grc' dir='ltr'>καλ</span> <span class='ocrx_word' id='word_1_465' title='bbox 1788 2992 1811 3033; x_wconf 75' lang='grc' dir='ltr'>ετ</span> 
     </span>
     <span class='ocr_line' id='line_1_32' title="bbox 174 3053 1779 3140; baseline -0.002 -21"><span class='ocrx_word' id='word_1_466' title='bbox 174 3082 244 3138; x_wconf 89' lang='grc' dir='ltr'>μνιοι</span> <span class='ocrx_word' id='word_1_467' title='bbox 256 3056 385 3131; x_wconf 87' lang='grc' dir='ltr'>δηλονότι.</span> <span class='ocrx_word' id='word_1_468' title='bbox 398 3090 439 3104; x_wconf 84' lang='grc'>--</span> <span class='ocrx_word' id='word_1_469' title='bbox 452 3054 566 3132; x_wconf 84' lang='grc' dir='ltr'>Ἰσθμός]</span> <span class='ocrx_word' id='word_1_470' title='bbox 578 3059 613 3133; x_wconf 80' lang='grc' dir='ltr'>γῆ</span> <span class='ocrx_word' id='word_1_471' title='bbox 627 3053 834 3136; x_wconf 85' lang='grc' dir='ltr'>ἀμφιθάλασσος.</span> <span class='ocrx_word' id='word_1_472' title='bbox 997 3057 1048 3140; x_wconf 84' lang='grc' dir='ltr'>γάρ</span> <span class='ocrx_word' id='word_1_473' title='bbox 1063 3057 1117 3126; x_wconf 79' lang='grc' dir='ltr'>ἔθος</span> <span class='ocrx_word' id='word_1_474' title='bbox 1132 3058 1235 3138; x_wconf 85' lang='grc' dir='ltr'>ἔχουσιν</span> <span class='ocrx_word' id='word_1_475' title='bbox 1250 3055 1331 3137; x_wconf 86' lang='grc' dir='ltr'>αῖρειν</span> <span class='ocrx_word' id='word_1_476' title='bbox 1346 3055 1439 3123; x_wconf 75' lang='grc' dir='ltr'>αὐτοὺς</span> <span class='ocrx_word' id='word_1_477' title='bbox 1460 3055 1513 3115; x_wconf 84' lang='grc' dir='ltr'>ἀπθ</span> <span class='ocrx_word' id='word_1_478' title='bbox 1525 3060 1578 3115; x_wconf 83' lang='grc' dir='ltr'>τῶν</span> <span class='ocrx_word' id='word_1_479' title='bbox 1593 3058 1624 3115; x_wconf 81' lang='grc' dir='ltr'>οῦ</span> <span class='ocrx_word' id='word_1_480' title='bbox 1643 3057 1779 3116; x_wconf 72' lang='grc' dir='ltr'>πλεουσῶν</span> 
     </span>
     <span class='ocr_line' id='line_1_33' title="bbox 213 3135 1779 3224; baseline -0.003 -16"><span class='ocrx_word' id='word_1_481' title='bbox 213 3147 329 3209; x_wconf 85' lang='lat' dir='ltr'><strong>xxvll.</strong></span> <span class='ocrx_word' id='word_1_482' title='bbox 348 3146 566 3224; x_wconf 87' lang='grc' dir='ltr'>Πολιορκοῦνται]</span> <span class='ocrx_word' id='word_1_483' title='bbox 586 3145 610 3201; x_wconf 82' lang='grc' dir='ltr'>οί</span> <span class='ocrx_word' id='word_1_484' title='bbox 633 3141 812 3219; x_wconf 84' lang='grc' dir='ltr'>Ἐπιδάμνιοι.</span> <span class='ocrx_word' id='word_1_485' title='bbox 830 3177 872 3187; x_wconf 88' lang='grc'>-</span> <span class='ocrx_word' id='word_1_486' title='bbox 889 3141 955 3203; x_wconf 88' lang='grc' dir='ltr'>Ἐπί</span> <span class='ocrx_word' id='word_1_487' title='bbox 997 3150 1069 3206; x_wconf 83' lang='grc' dir='ltr'>νεῶν.</span> <span class='ocrx_word' id='word_1_488' title='bbox 1084 3181 1125 3192; x_wconf 89' lang='lat'>-</span> <span class='ocrx_word' id='word_1_489' title='bbox 1137 3144 1193 3210; x_wconf 76' lang='grc' dir='ltr'>Τὰς</span> <span class='ocrx_word' id='word_1_490' title='bbox 1207 3143 1333 3215; x_wconf 88' lang='grc' dir='ltr'>παλαιάς]</span> <span class='ocrx_word' id='word_1_491' title='bbox 1348 3143 1456 3221; x_wconf 83' lang='grc' dir='ltr'>οὐδεμία</span> <span class='ocrx_word' id='word_1_492' title='bbox 1470 3142 1547 3215; x_wconf 80' lang='grc' dir='ltr'>καινή</span> <span class='ocrx_word' id='word_1_493' title='bbox 1570 3148 1633 3212; x_wconf 92' lang='grc' dir='ltr'>ναῦς</span> <span class='ocrx_word' id='word_1_494' title='bbox 1649 3135 1694 3218; x_wconf 78' lang='grc' dir='ltr'>ήν,</span> <span class='ocrx_word' id='word_1_495' title='bbox 1710 3142 1736 3204; x_wconf 90' lang='grc' dir='ltr'>εἰ</span> <span class='ocrx_word' id='word_1_496' title='bbox 1749 3166 1779 3223; x_wconf 86' lang='grc' dir='ltr'>γε</span> 
     </span>
     <span class='ocr_line' id='line_1_34' title="bbox 135 3228 1778 3315; baseline -0.004 -21"><span class='ocrx_word' id='word_1_497' title='bbox 135 3261 137 3266; x_wconf 94' lang='grc'><em>·</em></span> <span class='ocrx_word' id='word_1_498' title='bbox 172 3230 525 3315; x_wconf 78' lang='grc' dir='ltr'>τῇίση]λείπειτιμῇ.Ἐπί</span> <span class='ocrx_word' id='word_1_499' title='bbox 533 3229 579 3309; x_wconf 85' lang='grc' dir='ltr'>ἰσῃ</span> <span class='ocrx_word' id='word_1_500' title='bbox 588 3229 634 3289; x_wconf 89' lang='grc' dir='ltr'>καί</span> <span class='ocrx_word' id='word_1_501' title='bbox 647 3229 725 3311; x_wconf 78' lang='grc' dir='ltr'>θμοίφ</span> <span class='ocrx_word' id='word_1_502' title='bbox 732 3228 811 3308; x_wconf 86' lang='grc' dir='ltr'>ἰέναι,</span> <span class='ocrx_word' id='word_1_503' title='bbox 819 3234 872 3297; x_wconf 84' lang='grc' dir='ltr'>τοῖς</span> <span class='ocrx_word' id='word_1_504' title='bbox 882 3231 957 3291; x_wconf 85' lang='grc' dir='ltr'>Ἐπι·</span> <span class='ocrx_word' id='word_1_505' title='bbox 997 3232 1044 3300; x_wconf 81' lang='grc' dir='ltr'>τάς</span> <span class='ocrx_word' id='word_1_506' title='bbox 1058 3232 1105 3312; x_wconf 73' lang='grc' dir='ltr'>μέν</span> <span class='ocrx_word' id='word_1_507' title='bbox 1126 3230 1230 3302; x_wconf 74' lang='grc' dir='ltr'>ἔζευξαν</span> <span class='ocrx_word' id='word_1_508' title='bbox 1249 3229 1434 3309; x_wconf 86' lang='grc' dir='ltr'>διαλελυμένας</span> <span class='ocrx_word' id='word_1_509' title='bbox 1454 3229 1533 3299; x_wconf 88' lang='grc' dir='ltr'>οῦσας</span> <span class='ocrx_word' id='word_1_510' title='bbox 1550 3230 1596 3289; x_wconf 88' lang='grc' dir='ltr'>καί</span> <span class='ocrx_word' id='word_1_511' title='bbox 1616 3231 1778 3309; x_wconf 80' lang='grc' dir='ltr'>ζυγωμάτωι</span> 
     </span>
     <span class='ocr_line' id='line_1_35' title="bbox 174 3315 1781 3400; baseline -0.002 -20"><span class='ocrx_word' id='word_1_512' title='bbox 174 3321 292 3400; x_wconf 81' lang='grc' dir='ltr'>δεμνίοις</span> <span class='ocrx_word' id='word_1_513' title='bbox 309 3318 443 3392; x_wconf 91' lang='grc' dir='ltr'>δηλονότι,</span> <span class='ocrx_word' id='word_1_514' title='bbox 457 3316 501 3377; x_wconf 89' lang='grc' dir='ltr'>ἰνα</span> <span class='ocrx_word' id='word_1_515' title='bbox 515 3320 592 3377; x_wconf 90' lang='grc' dir='ltr'>κάκεῖ</span> <span class='ocrx_word' id='word_1_516' title='bbox 610 3315 694 3397; x_wconf 81' lang='grc' dir='ltr'>ἔχοιεν</span> <span class='ocrx_word' id='word_1_517' title='bbox 707 3316 795 3400; x_wconf 88' lang='grc' dir='ltr'>πάντα</span> <span class='ocrx_word' id='word_1_518' title='bbox 808 3321 843 3385; x_wconf 82' lang='grc' dir='ltr'>ὡς</span> <span class='ocrx_word' id='word_1_519' title='bbox 857 3321 883 3377; x_wconf 89' lang='grc' dir='ltr'>ἐν</span> <span class='ocrx_word' id='word_1_520' title='bbox 899 3321 956 3378; x_wconf 88' lang='grc' dir='ltr'>Κο-</span> <span class='ocrx_word' id='word_1_521' title='bbox 997 3319 1196 3400; x_wconf 87' lang='grc' dir='ltr'>προςδεηθείσας</span> <span class='ocrx_word' id='word_1_522' title='bbox 1213 3321 1249 3386; x_wconf 86' lang='grc' dir='ltr'>εἰς</span> <span class='ocrx_word' id='word_1_523' title='bbox 1269 3317 1392 3398; x_wconf 74' lang='grc' dir='ltr'>συνοχὴν,</span> <span class='ocrx_word' id='word_1_524' title='bbox 1410 3318 1456 3386; x_wconf 82' lang='grc' dir='ltr'>τθς</span> <span class='ocrx_word' id='word_1_525' title='bbox 1479 3315 1507 3377; x_wconf 82' lang='grc' dir='ltr'>δέ</span> <span class='ocrx_word' id='word_1_526' title='bbox 1526 3315 1720 3380; x_wconf 82' lang='grc' dir='ltr'>ἀπεσκεάασαν.</span> <span class='ocrx_word' id='word_1_527' title='bbox 1741 3352 1781 3366; x_wconf 89' lang='grc'>-</span> 
     </span>
     <span class='ocr_line' id='line_1_36' title="bbox 148 3403 1813 3491; baseline -0.007 -16"><span class='ocrx_word' id='word_1_528' title='bbox 148 3438 161 3476; x_wconf 85' lang='grc' dir='ltr'>ε</span> <span class='ocrx_word' id='word_1_529' title='bbox 175 3409 260 3491; x_wconf 88' lang='grc' dir='ltr'>ρίνθῳ.</span> <span class='ocrx_word' id='word_1_530' title='bbox 274 3445 310 3456; x_wconf 91' lang='grc'>-</span> <span class='ocrx_word' id='word_1_531' title='bbox 326 3410 360 3469; x_wconf 85' lang='grc' dir='ltr'>Εἰ</span> <span class='ocrx_word' id='word_1_532' title='bbox 375 3406 403 3466; x_wconf 87' lang='grc' dir='ltr'>δέ</span> <span class='ocrx_word' id='word_1_533' title='bbox 417 3429 456 3472; x_wconf 75' lang='grc' dir='ltr'>τις</span> <span class='ocrx_word' id='word_1_534' title='bbox 468 3405 499 3465; x_wconf 83' lang='grc' dir='ltr'>τδ</span> <span class='ocrx_word' id='word_1_535' title='bbox 511 3404 706 3484; x_wconf 90' lang='grc' dir='ltr'>παραυτίκα...]</span> <span class='ocrx_word' id='word_1_536' title='bbox 719 3403 868 3477; x_wconf 84' lang='grc' dir='ltr'>τουτέστιν,</span> <span class='ocrx_word' id='word_1_537' title='bbox 884 3403 957 3473; x_wconf 75' lang='grc' dir='ltr'>εἴτις</span> <span class='ocrx_word' id='word_1_538' title='bbox 999 3407 1245 3479; x_wconf 86' lang='grc' dir='ltr'>Ἐπισκευάσανεες]</span> <span class='ocrx_word' id='word_1_539' title='bbox 1253 3405 1712 3478; x_wconf 81' lang='grc' dir='ltr'>ἐπισκευάζωτδέκποιλαιότητοςείς</span> <span class='ocrx_word' id='word_1_540' title='bbox 1722 3404 1779 3464; x_wconf 86' lang='grc' dir='ltr'>νέαν</span> <span class='ocrx_word' id='word_1_541' title='bbox 1790 3423 1813 3463; x_wconf 82' lang='grc' dir='ltr'>σε</span> 
     </span>
     <span class='ocr_line' id='line_1_37' title="bbox 173 3489 1780 3577; baseline -0.002 -21"><span class='ocrx_word' id='word_1_542' title='bbox 173 3499 203 3556; x_wconf 84' lang='grc' dir='ltr'>οὐ</span> <span class='ocrx_word' id='word_1_543' title='bbox 212 3495 340 3577; x_wconf 83' lang='grc' dir='ltr'>βοόλιται</span> <span class='ocrx_word' id='word_1_544' title='bbox 354 3491 474 3566; x_wconf 87' lang='grc' dir='ltr'>ἀπιέναι,</span> <span class='ocrx_word' id='word_1_545' title='bbox 488 3490 556 3550; x_wconf 85' lang='grc' dir='ltr'>ἀλλά</span> <span class='ocrx_word' id='word_1_546' title='bbox 570 3491 639 3571; x_wconf 78' lang='grc' dir='ltr'>ἔχειν</span> <span class='ocrx_word' id='word_1_547' title='bbox 652 3490 729 3569; x_wconf 91' lang='grc' dir='ltr'>λόγον</span> <span class='ocrx_word' id='word_1_548' title='bbox 743 3489 783 3550; x_wconf 87' lang='grc' dir='ltr'>ότι</span> <span class='ocrx_word' id='word_1_549' title='bbox 794 3491 956 3573; x_wconf 86' lang='grc' dir='ltr'>συνήργησεν</span> <span class='ocrx_word' id='word_1_550' title='bbox 998 3496 1159 3557; x_wconf 83' lang='grc' dir='ltr'>κατάστασιν</span> <span class='ocrx_word' id='word_1_551' title='bbox 1169 3497 1304 3572; x_wconf 86' lang='grc' dir='ltr'>εἰδοποιῶ,</span> <span class='ocrx_word' id='word_1_552' title='bbox 1315 3493 1361 3553; x_wconf 87' lang='grc' dir='ltr'>καί</span> <span class='ocrx_word' id='word_1_553' title='bbox 1371 3491 1576 3565; x_wconf 83' lang='grc' dir='ltr'>ἐπισκευαστής,</span> <span class='ocrx_word' id='word_1_554' title='bbox 1586 3497 1601 3550; x_wconf 84' lang='grc' dir='ltr'>θ</span> <span class='ocrx_word' id='word_1_555' title='bbox 1613 3495 1667 3552; x_wconf 79' lang='grc' dir='ltr'>τῶν</span> <span class='ocrx_word' id='word_1_556' title='bbox 1679 3496 1780 3573; x_wconf 75' lang='grc' dir='ltr'>σαθρῶν</span> 
     </span>
     <span class='ocr_line' id='line_1_38' title="bbox 174 3578 1779 3662; baseline -0.002 -19"><span class='ocrx_word' id='word_1_557' title='bbox 174 3587 210 3651; x_wconf 88' lang='grc' dir='ltr'>εἰς</span> <span class='ocrx_word' id='word_1_558' title='bbox 231 3581 280 3655; x_wconf 78' lang='grc' dir='ltr'>τήν</span> <span class='ocrx_word' id='word_1_559' title='bbox 302 3580 435 3653; x_wconf 87' lang='grc' dir='ltr'>ἀποικίαν,</span> <span class='ocrx_word' id='word_1_560' title='bbox 455 3578 550 3640; x_wconf 81' lang='grc' dir='ltr'>διδότω</span> <span class='ocrx_word' id='word_1_561' title='bbox 571 3578 692 3661; x_wconf 79' lang='grc' dir='ltr'>δραχμάς</span> <span class='ocrx_word' id='word_1_562' title='bbox 712 3579 891 3653; x_wconf 82' lang='grc' dir='ltr'>πεντήκοντα,</span> <span class='ocrx_word' id='word_1_563' title='bbox 911 3581 957 3640; x_wconf 87' lang='grc' dir='ltr'>καί</span> <span class='ocrx_word' id='word_1_564' title='bbox 1000 3583 1141 3662; x_wconf 81' lang='grc' dir='ltr'>οἰκοδόμος.</span> <span class='ocrx_word' id='word_1_565' title='bbox 1167 3585 1184 3659; x_wconf 91' lang='lat'>§</span> <span class='ocrx_word' id='word_1_566' title='bbox 1207 3584 1237 3641; x_wconf 91' lang='grc' dir='ltr'>ἐκ</span> <span class='ocrx_word' id='word_1_567' title='bbox 1258 3581 1416 3662; x_wconf 90' lang='grc' dir='ltr'>σαθρότητος</span> <span class='ocrx_word' id='word_1_568' title='bbox 1437 3579 1496 3646; x_wconf 88' lang='grc' dir='ltr'>νέας</span> <span class='ocrx_word' id='word_1_569' title='bbox 1513 3579 1680 3650; x_wconf 80' lang='grc' dir='ltr'>ποιήσαντες.</span> <span class='ocrx_word' id='word_1_570' title='bbox 1699 3615 1741 3627; x_wconf 91' lang='grc'>-</span> <span class='ocrx_word' id='word_1_571' title='bbox 1756 3599 1779 3640; x_wconf 78' lang='grc' dir='ltr'>ε.</span> 
     </span>
     <span class='ocr_line' id='line_1_39' title="bbox 174 3666 1781 3753; baseline -0.001 -25"><span class='ocrx_word' id='word_1_572' title='bbox 174 3668 287 3748; x_wconf 85' lang='grc' dir='ltr'>μενέτω,</span> <span class='ocrx_word' id='word_1_573' title='bbox 306 3667 396 3746; x_wconf 88' lang='grc' dir='ltr'>φησίν,</span> <span class='ocrx_word' id='word_1_574' title='bbox 412 3669 439 3726; x_wconf 84' lang='grc' dir='ltr'>ἐν</span> <span class='ocrx_word' id='word_1_575' title='bbox 454 3666 574 3748; x_wconf 80' lang='grc' dir='ltr'>Κορίνθῳ</span> <span class='ocrx_word' id='word_1_576' title='bbox 588 3667 675 3727; x_wconf 84' lang='grc' dir='ltr'>οἰκῶν.</span> <span class='ocrx_word' id='word_1_577' title='bbox 691 3700 733 3712; x_wconf 90' lang='grc'>-</span> <span class='ocrx_word' id='word_1_578' title='bbox 750 3687 771 3726; x_wconf 82' lang='grc' dir='ltr'>ε.</span> <span class='ocrx_word' id='word_1_579' title='bbox 793 3669 886 3747; x_wconf 83' lang='grc' dir='ltr'>Παλῇς</span> <span class='ocrx_word' id='word_1_580' title='bbox 901 3672 957 3730; x_wconf 87' lang='grc' dir='ltr'>Κε-</span> <span class='ocrx_word' id='word_1_581' title='bbox 1001 3666 1781 3753; x_wconf 80' lang='grc' dir='ltr'>Εἰρηναῖον]εἰρήνηςποιητικόν.-Τεσσαράκοντα]προεῖπι</span> 
     </span>
     <span class='ocr_line' id='line_1_40' title="bbox 175 3746 1779 3840; baseline -0.001 -25"><span class='ocrx_word' id='word_1_582' title='bbox 175 3756 326 3839; x_wconf 81' lang='grc' dir='ltr'>φαλλήνων]</span> <span class='ocrx_word' id='word_1_583' title='bbox 339 3758 446 3834; x_wconf 77' lang='grc' dir='ltr'>Παλῇς,</span> <span class='ocrx_word' id='word_1_584' title='bbox 459 3757 494 3821; x_wconf 86' lang='grc' dir='ltr'>όις</span> <span class='ocrx_word' id='word_1_585' title='bbox 510 3748 735 3836; x_wconf 71' lang='grc' dir='ltr'>Μεγαρῇς.’πόλις</span> <span class='ocrx_word' id='word_1_586' title='bbox 747 3752 775 3813; x_wconf 74' lang='grc' dir='ltr'>δὲ</span> <span class='ocrx_word' id='word_1_587' title='bbox 790 3755 898 3829; x_wconf 82' lang='grc' dir='ltr'>ήΠάλη</span> <span class='ocrx_word' id='word_1_588' title='bbox 912 3760 958 3828; x_wconf 82' lang='grc' dir='ltr'>τῆς</span> <span class='ocrx_word' id='word_1_589' title='bbox 999 3758 1051 3840; x_wconf 78' lang='grc' dir='ltr'>γάρ</span> <span class='ocrx_word' id='word_1_590' title='bbox 1063 3766 1096 3830; x_wconf 86' lang='grc' dir='ltr'>[ο.</span> <span class='ocrx_word' id='word_1_591' title='bbox 1106 3765 1142 3829; x_wconf 82' lang='grc' dir='ltr'>ει]</span> <span class='ocrx_word' id='word_1_592' title='bbox 1154 3757 1194 3816; x_wconf 83' lang='grc' dir='ltr'>ότι</span> <span class='ocrx_word' id='word_1_593' title='bbox 1205 3756 1298 3816; x_wconf 82' lang='grc' dir='ltr'>ἑκατὸν</span> <span class='ocrx_word' id='word_1_594' title='bbox 1310 3755 1407 3815; x_wconf 81' lang='grc' dir='ltr'>εἴκοσιν</span> <span class='ocrx_word' id='word_1_595' title='bbox 1419 3746 1499 3834; x_wconf 82' lang='grc' dir='ltr'>εἰχον.</span> <span class='ocrx_word' id='word_1_596' title='bbox 1508 3788 1549 3800; x_wconf 90' lang='lat'>-—</span> <span class='ocrx_word' id='word_1_597' title='bbox 1558 3754 1779 3836; x_wconf 84' lang='grc' dir='ltr'>Ἐναυμάχησσν]</span> 
     </span>
     <span class='ocr_line' id='line_1_41' title="bbox 135 3840 1814 3926; baseline 0 -23"><span class='ocrx_word' id='word_1_598' title='bbox 135 3876 162 3917; x_wconf 77' lang='lat' dir='ltr'><strong><em>w</em></strong></span> <span class='ocrx_word' id='word_1_599' title='bbox 176 3842 370 3926; x_wconf 88' lang='grc' dir='ltr'>Κεφαλληνίας·</span> <span class='ocrx_word' id='word_1_600' title='bbox 394 3842 547 3922; x_wconf 88' lang='grc' dir='ltr'>τετράπολις</span> <span class='ocrx_word' id='word_1_601' title='bbox 562 3840 614 3920; x_wconf 89' lang='grc' dir='ltr'>γάρ</span> <span class='ocrx_word' id='word_1_602' title='bbox 636 3843 743 3914; x_wconf 83' lang='grc' dir='ltr'>ἐστινὴ</span> <span class='ocrx_word' id='word_1_603' title='bbox 771 3843 958 3924; x_wconf 88' lang='grc' dir='ltr'>Κεφαλληνία,</span> <span class='ocrx_word' id='word_1_604' title='bbox 986 3841 1048 3919; x_wconf 61' lang='grc' dir='ltr'>’τήν</span> <span class='ocrx_word' id='word_1_605' title='bbox 1059 3843 1208 3923; x_wconf 88' lang='grc' dir='ltr'>ναυμαχίαν</span> <span class='ocrx_word' id='word_1_606' title='bbox 1219 3843 1317 3914; x_wconf 79' lang='grc' dir='ltr'>ταύτην</span> <span class='ocrx_word' id='word_1_607' title='bbox 1328 3846 1376 3903; x_wconf 87' lang='grc' dir='ltr'>οὐκ</span> <span class='ocrx_word' id='word_1_608' title='bbox 1385 3843 1498 3922; x_wconf 84' lang='grc' dir='ltr'>ἀκριόῶς</span> <span class='ocrx_word' id='word_1_609' title='bbox 1512 3842 1814 3925; x_wconf 81' lang='grc' dir='ltr'>διηγεῖται,πρεσόυ·ιο</span> 
     </span>
     <span class='ocr_line' id='line_1_42' title="bbox 176 3925 1782 4013; baseline -0.002 -20"><span class='ocrx_word' id='word_1_610' title='bbox 176 3931 271 4003; x_wconf 86' lang='grc' dir='ltr'>Πάλη,</span> <span class='ocrx_word' id='word_1_611' title='bbox 286 3930 421 4011; x_wconf 90' lang='grc' dir='ltr'>Κράναια,</span> <span class='ocrx_word' id='word_1_612' title='bbox 436 3927 561 4007; x_wconf 84' lang='grc' dir='ltr'>Σαμαία,</span> <span class='ocrx_word' id='word_1_613' title='bbox 577 3926 713 4010; x_wconf 82' lang='grc' dir='ltr'>Πράναια.</span> <span class='ocrx_word' id='word_1_614' title='bbox 1000 3933 1078 4013; x_wconf 91' lang='grc' dir='ltr'>τέραν</span> <span class='ocrx_word' id='word_1_615' title='bbox 1089 3931 1152 3998; x_wconf 88' lang='grc' dir='ltr'>ἰσως</span> <span class='ocrx_word' id='word_1_616' title='bbox 1162 3925 1242 3991; x_wconf 74' lang='grc' dir='ltr'>οὖσαν</span> <span class='ocrx_word' id='word_1_617' title='bbox 1255 3933 1343 3991; x_wconf 90' lang='grc' dir='ltr'>αιἰτοῦ.</span> <span class='ocrx_word' id='word_1_618' title='bbox 1356 3929 1399 3988; x_wconf 78' lang='grc' dir='ltr'>διδ</span> <span class='ocrx_word' id='word_1_619' title='bbox 1412 3928 1440 3989; x_wconf 84' lang='grc' dir='ltr'>δέ</span> <span class='ocrx_word' id='word_1_620' title='bbox 1457 3933 1504 4001; x_wconf 83' lang='grc' dir='ltr'>τῆς</span> <span class='ocrx_word' id='word_1_621' title='bbox 1515 3934 1611 4010; x_wconf 75' lang='grc' dir='ltr'>φθορᾶς</span> <span class='ocrx_word' id='word_1_622' title='bbox 1623 3933 1678 3989; x_wconf 81' lang='grc' dir='ltr'>τῶν</span> <span class='ocrx_word' id='word_1_623' title='bbox 1691 3953 1782 3990; x_wconf 83' lang='grc' dir='ltr'>πεντε·</span> 
     </span>
     <span class='ocr_line' id='line_1_43' title="bbox 215 4010 1781 4098; baseline -0.003 -18"><span class='ocrx_word' id='word_1_624' title='bbox 215 4020 345 4080; x_wconf 81' lang='lat' dir='ltr'><strong>xxvln.</strong></span> <span class='ocrx_word' id='word_1_625' title='bbox 358 4015 546 4098; x_wconf 83' lang='grc' dir='ltr'>Παρασκευήν]</span> <span class='ocrx_word' id='word_1_626' title='bbox 557 4013 605 4086; x_wconf 80' lang='grc' dir='ltr'>τὴν</span> <span class='ocrx_word' id='word_1_627' title='bbox 617 4014 766 4096; x_wconf 76' lang='grc' dir='ltr'>οἰκονομίαν</span> <span class='ocrx_word' id='word_1_628' title='bbox 775 4021 820 4076; x_wconf 91' lang='grc' dir='ltr'>τοῦ</span> <span class='ocrx_word' id='word_1_629' title='bbox 832 4016 957 4097; x_wconf 85' lang='grc' dir='ltr'>πολέμου.</span> <span class='ocrx_word' id='word_1_630' title='bbox 1001 4019 1111 4081; x_wconf 85' lang='grc' dir='ltr'>καίδεκα</span> <span class='ocrx_word' id='word_1_631' title='bbox 1124 4023 1188 4077; x_wconf 86' lang='grc' dir='ltr'>νεῶν</span> <span class='ocrx_word' id='word_1_632' title='bbox 1202 4018 1250 4089; x_wconf 75' lang='grc' dir='ltr'>τήν</span> <span class='ocrx_word' id='word_1_633' title='bbox 1264 4017 1431 4098; x_wconf 77' lang='grc' dir='ltr'>ἐπικράτειαν</span> <span class='ocrx_word' id='word_1_634' title='bbox 1446 4019 1531 4076; x_wconf 81' lang='grc' dir='ltr'>αὐτῶν</span> <span class='ocrx_word' id='word_1_635' title='bbox 1546 4018 1629 4088; x_wconf 81' lang='grc' dir='ltr'>δηλοῖ.</span> <span class='ocrx_word' id='word_1_636' title='bbox 1643 4017 1692 4077; x_wconf 85' lang='grc' dir='ltr'>καί</span> <span class='ocrx_word' id='word_1_637' title='bbox 1705 4010 1781 4078; x_wconf 79' lang='grc' dir='ltr'>αῦται</span> 
     </span>
     <span class='ocr_line' id='line_1_44' title="bbox 174 4093 1781 4188; baseline -0.001 -21"><span class='ocrx_word' id='word_1_638' title='bbox 174 4140 215 4152; x_wconf 90' lang='lat'>·-</span> <span class='ocrx_word' id='word_1_639' title='bbox 227 4105 395 4188; x_wconf 80' lang='grc' dir='ltr'>Παρέλαόον]</span> <span class='ocrx_word' id='word_1_640' title='bbox 407 4103 450 4163; x_wconf 85' lang='grc' dir='ltr'>ἰνα</span> <span class='ocrx_word' id='word_1_641' title='bbox 466 4104 554 4170; x_wconf 79' lang='grc' dir='ltr'>αὐτοῖς</span> <span class='ocrx_word' id='word_1_642' title='bbox 567 4093 617 4162; x_wconf 76' lang='grc' dir='ltr'>ἀισι</span> <span class='ocrx_word' id='word_1_643' title='bbox 632 4102 762 4186; x_wconf 87' lang='grc' dir='ltr'>μάρτυρες</span> <span class='ocrx_word' id='word_1_644' title='bbox 774 4108 827 4163; x_wconf 85' lang='grc' dir='ltr'>τῶν</span> <span class='ocrx_word' id='word_1_645' title='bbox 837 4103 958 4184; x_wconf 71' lang='grc' dir='ltr'>λόγων,ή</span> <span class='ocrx_word' id='word_1_646' title='bbox 1003 4108 1050 4187; x_wconf 76' lang='grc' dir='ltr'>μὲν</span> <span class='ocrx_word' id='word_1_647' title='bbox 1062 4105 1167 4174; x_wconf 85' lang='grc' dir='ltr'>τελείως</span> <span class='ocrx_word' id='word_1_648' title='bbox 1178 4105 1363 4187; x_wconf 84' lang='grc' dir='ltr'>διεφθάρησαν,</span> <span class='ocrx_word' id='word_1_649' title='bbox 1376 4109 1404 4165; x_wconf 79' lang='grc' dir='ltr'>αἱ</span> <span class='ocrx_word' id='word_1_650' title='bbox 1417 4106 1444 4165; x_wconf 75' lang='grc' dir='ltr'>δὲ</span> <span class='ocrx_word' id='word_1_651' title='bbox 1459 4105 1550 4164; x_wconf 80' lang='grc' dir='ltr'>λοιπαὶ</span> <span class='ocrx_word' id='word_1_652' title='bbox 1568 4105 1781 4187; x_wconf 86' lang='grc' dir='ltr'>ἐτραυματίαθη·</span> 
     </span>
     <span class='ocr_line' id='line_1_45' title="bbox 174 4190 1781 4275; baseline -0.001 -23"><span class='ocrx_word' id='word_1_653' title='bbox 174 4190 668 4273; x_wconf 82' lang='grc' dir='ltr'>ἰνααιἰτοίιςαίδεσθῶσινοίΚορίνθισι.</span> <span class='ocrx_word' id='word_1_654' title='bbox 682 4192 958 4268; x_wconf 63' lang='grc' dir='ltr'>βσημείωσαιτδπα-</span> <span class='ocrx_word' id='word_1_655' title='bbox 1002 4219 1065 4267; x_wconf 87' lang='grc' dir='ltr'>σαν,</span> <span class='ocrx_word' id='word_1_656' title='bbox 1092 4193 1138 4254; x_wconf 84' lang='grc' dir='ltr'>καλ</span> <span class='ocrx_word' id='word_1_657' title='bbox 1161 4192 1326 4274; x_wconf 81' lang='grc' dir='ltr'>αἰχμάλωτοι</span> <span class='ocrx_word' id='word_1_658' title='bbox 1349 4193 1500 4275; x_wconf 84' lang='grc' dir='ltr'>ἐλήφθησαν</span> <span class='ocrx_word' id='word_1_659' title='bbox 1520 4192 1616 4254; x_wconf 79' lang='grc' dir='ltr'>ἱκανοί.</span> <span class='ocrx_word' id='word_1_660' title='bbox 1637 4227 1680 4240; x_wconf 88' lang='lat'>-—</span> <span class='ocrx_word' id='word_1_661' title='bbox 1703 4190 1781 4273; x_wconf 77' lang='grc' dir='ltr'>Παρά</span> 
     </span>
     <span class='ocr_line' id='line_1_46' title="bbox 136 4277 1815 4363; baseline 0 -22"><span class='ocrx_word' id='word_1_662' title='bbox 136 4312 164 4352; x_wconf 72' lang='grc' dir='ltr'>ςς</span> <span class='ocrx_word' id='word_1_663' title='bbox 177 4280 287 4363; x_wconf 83' lang='grc' dir='ltr'>ρέλαόον</span> <span class='ocrx_word' id='word_1_664' title='bbox 299 4281 342 4341; x_wconf 85' lang='grc' dir='ltr'>ἐπί</span> <span class='ocrx_word' id='word_1_665' title='bbox 353 4287 399 4341; x_wconf 91' lang='grc' dir='ltr'>τοῦ</span> <span class='ocrx_word' id='word_1_666' title='bbox 412 4282 518 4362; x_wconf 85' lang='grc' dir='ltr'>φιλικῶς</span> <span class='ocrx_word' id='word_1_667' title='bbox 526 4277 632 4353; x_wconf 80' lang='grc' dir='ltr'>ἐλαθον,</span> <span class='ocrx_word' id='word_1_668' title='bbox 646 4280 692 4340; x_wconf 89' lang='grc' dir='ltr'>καί</span> <span class='ocrx_word' id='word_1_669' title='bbox 706 4283 742 4348; x_wconf 84' lang='grc' dir='ltr'>ὡς</span> <span class='ocrx_word' id='word_1_670' title='bbox 755 4281 958 4360; x_wconf 87' lang='grc' dir='ltr'>συναγωνιστάς.</span> <span class='ocrx_word' id='word_1_671' title='bbox 1001 4281 1079 4355; x_wconf 90' lang='grc' dir='ltr'>πολό]</span> <span class='ocrx_word' id='word_1_672' title='bbox 1095 4282 1152 4341; x_wconf 86' lang='grc' dir='ltr'>ἀντί</span> <span class='ocrx_word' id='word_1_673' title='bbox 1166 4287 1211 4340; x_wconf 93' lang='grc' dir='ltr'>τοῦ</span> <span class='ocrx_word' id='word_1_674' title='bbox 1226 4280 1334 4362; x_wconf 87' lang='grc' dir='ltr'>σφόδρα,</span> <span class='ocrx_word' id='word_1_675' title='bbox 1349 4280 1537 4360; x_wconf 86' lang='grc' dir='ltr'>διαφερόντως,</span> <span class='ocrx_word' id='word_1_676' title='bbox 1552 4281 1653 4358; x_wconf 71' lang='grc' dir='ltr'>μᾶλλον</span> <span class='ocrx_word' id='word_1_677' title='bbox 1667 4278 1686 4352; x_wconf 72' lang='grc' dir='ltr'>ἢ</span> <span class='ocrx_word' id='word_1_678' title='bbox 1700 4279 1777 4341; x_wconf 88' lang='grc' dir='ltr'>πολό.</span> <span class='ocrx_word' id='word_1_679' title='bbox 1792 4301 1815 4341; x_wconf 82' lang='grc' dir='ltr'>ιε</span> 
     </span>
     <span class='ocr_line' id='line_1_47' title="bbox 176 4366 1781 4451; baseline -0.001 -23"><span class='ocrx_word' id='word_1_680' title='bbox 176 4405 216 4416; x_wconf 89' lang='grc'>-</span> <span class='ocrx_word' id='word_1_681' title='bbox 227 4389 250 4432; x_wconf 82' lang='grc' dir='ltr'>ε.</span> <span class='ocrx_word' id='word_1_682' title='bbox 264 4370 346 4437; x_wconf 90' lang='grc' dir='ltr'>Δίκας</span> <span class='ocrx_word' id='word_1_683' title='bbox 360 4368 453 4442; x_wconf 80' lang='grc' dir='ltr'>ἤθελον</span> <span class='ocrx_word' id='word_1_684' title='bbox 472 4368 570 4440; x_wconf 89' lang='grc' dir='ltr'>δοῦναι]</span> <span class='ocrx_word' id='word_1_685' title='bbox 590 4367 729 4449; x_wconf 79' lang='grc' dir='ltr'>ἐπιτρέψαι</span> <span class='ocrx_word' id='word_1_686' title='bbox 741 4368 901 4451; x_wconf 89' lang='grc' dir='ltr'>δικαστηρίῳ</span> <span class='ocrx_word' id='word_1_687' title='bbox 914 4370 960 4429; x_wconf 90' lang='grc' dir='ltr'>καί</span> <span class='ocrx_word' id='word_1_688' title='bbox 1002 4405 1043 4417; x_wconf 93' lang='lat'>-</span> <span class='ocrx_word' id='word_1_689' title='bbox 1061 4392 1085 4431; x_wconf 84' lang='grc' dir='ltr'>ε.</span> <span class='ocrx_word' id='word_1_690' title='bbox 1103 4373 1147 4449; x_wconf 82' lang='grc' dir='ltr'>Τῇ</span> <span class='ocrx_word' id='word_1_691' title='bbox 1162 4371 1229 4449; x_wconf 78' lang='grc' dir='ltr'>αὐτῇ</span> <span class='ocrx_word' id='word_1_692' title='bbox 1245 4367 1273 4427; x_wconf 76' lang='grc' dir='ltr'>δέ</span> <span class='ocrx_word' id='word_1_693' title='bbox 1292 4367 1389 4449; x_wconf 75' lang='grc' dir='ltr'>ἡμέρῳ]</span> <span class='ocrx_word' id='word_1_694' title='bbox 1413 4367 1533 4449; x_wconf 87' lang='grc' dir='ltr'>δευτέραν</span> <span class='ocrx_word' id='word_1_695' title='bbox 1549 4367 1624 4441; x_wconf 87' lang='grc' dir='ltr'>νίκην</span> <span class='ocrx_word' id='word_1_696' title='bbox 1637 4366 1710 4444; x_wconf 82' lang='grc' dir='ltr'>λέγει</span> <span class='ocrx_word' id='word_1_697' title='bbox 1730 4371 1781 4427; x_wconf 77' lang='grc' dir='ltr'>τῦιν</span> 
     </span>
     <span class='ocr_line' id='line_1_48' title="bbox 176 4454 1781 4606; baseline 0 -90"><span class='ocrx_word' id='word_1_698' title='bbox 176 4454 508 4605; x_wconf 32' lang='grc' dir='ltr'>ιχριθῆναδφέόοόθλοντοῳ-</span> <span class='ocrx_word' id='word_1_699' title='bbox 521 4455 705 4602; x_wconf 65' lang='grc' dir='ltr'>Δδίκδῳςήθελφν</span> <span class='ocrx_word' id='word_1_700' title='bbox 717 4456 886 4605; x_wconf 72' lang='grc' dir='ltr'>δρῦναι]Κάντί</span> <span class='ocrx_word' id='word_1_701' title='bbox 893 4462 959 4603; x_wconf 68' lang='grc' dir='ltr'>θφοῦ,</span> <span class='ocrx_word' id='word_1_702' title='bbox 1003 4460 1183 4606; x_wconf 63' lang='grc' dir='ltr'>Κερκυραίων.</span> <span class='ocrx_word' id='word_1_703' title='bbox 1208 4490 1248 4503; x_wconf 92' lang='grc'>-</span> <span class='ocrx_word' id='word_1_704' title='bbox 1262 4455 1427 4530; x_wconf 82' lang='grc' dir='ltr'>Ἔπήλυδας]</span> <span class='ocrx_word' id='word_1_705' title='bbox 1445 4455 1537 4525; x_wconf 77' lang='grc' dir='ltr'>ξένους.</span> <span class='ocrx_word' id='word_1_706' title='bbox 1554 4490 1595 4502; x_wconf 90' lang='lat'>·-</span> <span class='ocrx_word' id='word_1_707' title='bbox 1616 4455 1781 4530; x_wconf 85' lang='grc' dir='ltr'>Ἀποδόσθαι]</span> 
     </span>
     <span class='ocr_line' id='line_1_49' title="bbox 208 4566 1135 4616; baseline 0.001 -11"><span class='ocrx_word' id='word_1_708' title='bbox 208 4569 220 4605; x_wconf 90' lang='grc' dir='ltr'>ε</span> <span class='ocrx_word' id='word_1_709' title='bbox 251 4569 266 4604; x_wconf 94' lang='grc' dir='ltr'>ν</span> <span class='ocrx_word' id='word_1_710' title='bbox 295 4567 380 4612; x_wconf 90' lang='grc' dir='ltr'>ικαςα</span> <span class='ocrx_word' id='word_1_711' title='bbox 450 4567 462 4602; x_wconf 90' lang='grc' dir='ltr'>ε</span> <span class='ocrx_word' id='word_1_712' title='bbox 496 4567 523 4610; x_wconf 87' lang='grc' dir='ltr'>υς</span> <span class='ocrx_word' id='word_1_713' title='bbox 553 4567 561 4601; x_wconf 97' lang='grc' dir='ltr'>ι</span> <span class='ocrx_word' id='word_1_714' title='bbox 591 4566 651 4616; x_wconf 92' lang='grc' dir='ltr'>ναι,</span> <span class='ocrx_word' id='word_1_715' title='bbox 666 4566 798 4612; x_wconf 86' lang='grc' dir='ltr'>αυτσυςτε</span> <span class='ocrx_word' id='word_1_716' title='bbox 838 4567 853 4605; x_wconf 93' lang='grc' dir='ltr'>ο</span> <span class='ocrx_word' id='word_1_717' title='bbox 871 4569 892 4603; x_wconf 94' lang='grc' dir='ltr'>ιν</span> <span class='ocrx_word' id='word_1_718' title='bbox 918 4566 961 4610; x_wconf 89' lang='grc' dir='ltr'>ους</span> <span class='ocrx_word' id='word_1_719' title='bbox 1002 4571 1045 4606; x_wconf 88' lang='grc' dir='ltr'>πω</span> <span class='ocrx_word' id='word_1_720' title='bbox 1081 4569 1135 4606; x_wconf 89' lang='grc' dir='ltr'>σαι.</span> 
     </span>
     <span class='ocr_line' id='line_1_50' title="bbox 177 4566 1782 4714; baseline -0.002 -22"><span class='ocrx_word' id='word_1_721' title='bbox 177 4566 588 4714; x_wconf 51' lang='grc' dir='ltr'>καίγΚερκυραίόῦάοδικίἀσοισθαι</span> <span class='ocrx_word' id='word_1_722' title='bbox 601 4629 665 4689; x_wconf 81' lang='grc' dir='ltr'>ἔνθα</span> <span class='ocrx_word' id='word_1_723' title='bbox 678 4630 823 4711; x_wconf 81' lang='grc' dir='ltr'>βούλωνται</span> <span class='ocrx_word' id='word_1_724' title='bbox 834 4568 880 4691; x_wconf 78' lang='grc' dir='ltr'>κάἰ</span> <span class='ocrx_word' id='word_1_725' title='bbox 892 4656 960 4712; x_wconf 91' lang='grc' dir='ltr'>συμ·</span> <span class='ocrx_word' id='word_1_726' title='bbox 1042 4571 1134 4695; x_wconf 70' lang='grc' dir='ltr'>ΚἈΧ.</span> <span class='ocrx_word' id='word_1_727' title='bbox 1156 4630 1304 4712; x_wconf 87' lang='grc' dir='ltr'>Τροπαῖον]</span> <span class='ocrx_word' id='word_1_728' title='bbox 1323 4638 1447 4711; x_wconf 89' lang='grc' dir='ltr'>τροπαῖον</span> <span class='ocrx_word' id='word_1_729' title='bbox 1466 4634 1484 4703; x_wconf 81' lang='grc' dir='ltr'>ή</span> <span class='ocrx_word' id='word_1_730' title='bbox 1506 4627 1609 4690; x_wconf 78' lang='grc' dir='ltr'>παλαιά</span> <span class='ocrx_word' id='word_1_731' title='bbox 1630 4630 1728 4708; x_wconf 84' lang='grc' dir='ltr'>Ἀτθίς,</span> <span class='ocrx_word' id='word_1_732' title='bbox 1751 4622 1782 4703; x_wconf 80' lang='grc' dir='ltr'>ής</span> 
     </span>
     <span class='ocr_line' id='line_1_51' title="bbox 138 4716 1816 4802; baseline -0.001 -24"><span class='ocrx_word' id='word_1_733' title='bbox 138 4759 165 4797; x_wconf 66' lang='grc' dir='ltr'>ω</span> <span class='ocrx_word' id='word_1_734' title='bbox 178 4719 341 4800; x_wconf 85' lang='grc' dir='ltr'>φωνήσωσιν.</span> <span class='ocrx_word' id='word_1_735' title='bbox 350 4754 392 4767; x_wconf 87' lang='lat'>-</span> <span class='ocrx_word' id='word_1_736' title='bbox 401 4718 556 4796; x_wconf 78' lang='grc' dir='ltr'>Ξυμόιῦσιν]</span> <span class='ocrx_word' id='word_1_737' title='bbox 568 4717 959 4802; x_wconf 79' lang='grc' dir='ltr'>ξυμφωνήσωσιν.-Δικασθῇ]</span> <span class='ocrx_word' id='word_1_738' title='bbox 1003 4720 1073 4780; x_wconf 85' lang='grc' dir='ltr'>ἐστιν</span> <span class='ocrx_word' id='word_1_739' title='bbox 1094 4717 1220 4790; x_wconf 82' lang='grc' dir='ltr'>Εὔπολις,</span> <span class='ocrx_word' id='word_1_740' title='bbox 1236 4721 1376 4800; x_wconf 85' lang='grc' dir='ltr'>Κρατῖνος,</span> <span class='ocrx_word' id='word_1_741' title='bbox 1394 4716 1591 4799; x_wconf 75' lang='grc' dir='ltr'>Ἀριστοφάνης,</span> <span class='ocrx_word' id='word_1_742' title='bbox 1610 4717 1780 4790; x_wconf 79' lang='grc' dir='ltr'>Θουκυδίδης</span> <span class='ocrx_word' id='word_1_743' title='bbox 1792 4734 1816 4776; x_wconf 78' lang='grc' dir='ltr'>τε</span> 
     </span>
     <span class='ocr_line' id='line_1_52' title="bbox 178 4799 1780 4890; baseline 0.001 -26"><span class='ocrx_word' id='word_1_744' title='bbox 178 4810 324 4889; x_wconf 81' lang='grc' dir='ltr'>ἀποφανθῇ.</span> <span class='ocrx_word' id='word_1_745' title='bbox 337 4841 379 4853; x_wconf 89' lang='grc'>-</span> <span class='ocrx_word' id='word_1_746' title='bbox 391 4804 503 4868; x_wconf 85' lang='grc' dir='ltr'>Ἦθελον</span> <span class='ocrx_word' id='word_1_747' title='bbox 523 4804 550 4864; x_wconf 79' lang='grc' dir='ltr'>δέ</span> <span class='ocrx_word' id='word_1_748' title='bbox 568 4805 664 4888; x_wconf 76' lang='grc' dir='ltr'>καὶτῷ</span> <span class='ocrx_word' id='word_1_749' title='bbox 677 4808 704 4865; x_wconf 86' lang='grc' dir='ltr'>ἐν</span> <span class='ocrx_word' id='word_1_750' title='bbox 719 4808 827 4889; x_wconf 86' lang='grc' dir='ltr'>Δελφοῖς</span> <span class='ocrx_word' id='word_1_751' title='bbox 846 4807 961 4889; x_wconf 85' lang='grc' dir='ltr'>μαντείῳ</span> <span class='ocrx_word' id='word_1_752' title='bbox 980 4856 983 4877; x_wconf 78' lang='grc'>,</span> <span class='ocrx_word' id='word_1_753' title='bbox 1002 4806 1152 4890; x_wconf 83' lang='grc' dir='ltr'>τρόπαιονὴ</span> <span class='ocrx_word' id='word_1_754' title='bbox 1166 4806 1212 4865; x_wconf 86' lang='grc' dir='ltr'>νέα</span> <span class='ocrx_word' id='word_1_755' title='bbox 1226 4805 1321 4878; x_wconf 80' lang='grc' dir='ltr'>Ἀτθὶς,</span> <span class='ocrx_word' id='word_1_756' title='bbox 1333 4799 1364 4878; x_wconf 73' lang='grc' dir='ltr'>ἧς</span> <span class='ocrx_word' id='word_1_757' title='bbox 1376 4804 1431 4865; x_wconf 84' lang='grc' dir='ltr'>ἔστι</span> <span class='ocrx_word' id='word_1_758' title='bbox 1444 4803 1594 4886; x_wconf 87' lang='grc' dir='ltr'>Μένανδρος</span> <span class='ocrx_word' id='word_1_759' title='bbox 1607 4804 1652 4863; x_wconf 86' lang='grc' dir='ltr'>καί</span> <span class='ocrx_word' id='word_1_760' title='bbox 1663 4807 1688 4864; x_wconf 81' lang='grc' dir='ltr'>οἱ</span> <span class='ocrx_word' id='word_1_761' title='bbox 1698 4804 1780 4866; x_wconf 72' lang='grc' dir='ltr'>ἄλλοι.</span> 
     </span>
     <span class='ocr_line' id='line_1_53' title="bbox 178 4884 1783 4977; baseline -0.001 -24"><span class='ocrx_word' id='word_1_762' title='bbox 178 4893 327 4977; x_wconf 77' lang='grc' dir='ltr'>ἐπιτρέψαι]</span> <span class='ocrx_word' id='word_1_763' title='bbox 346 4893 404 4954; x_wconf 86' lang='grc' dir='ltr'>ἀντί</span> <span class='ocrx_word' id='word_1_764' title='bbox 416 4900 477 4968; x_wconf 92' lang='grc' dir='ltr'>τοῦ,</span> <span class='ocrx_word' id='word_1_765' title='bbox 494 4893 583 4969; x_wconf 77' lang='grc' dir='ltr'>έλεγον</span> <span class='ocrx_word' id='word_1_766' title='bbox 600 4891 644 4968; x_wconf 76' lang='grc' dir='ltr'>δέ,</span> <span class='ocrx_word' id='word_1_767' title='bbox 663 4893 704 4953; x_wconf 85' lang='grc' dir='ltr'>δτι</span> <span class='ocrx_word' id='word_1_768' title='bbox 721 4896 894 4976; x_wconf 82' lang='grc' dir='ltr'>ἐρωτήσωμεν</span> <span class='ocrx_word' id='word_1_769' title='bbox 916 4895 961 4954; x_wconf 86' lang='grc' dir='ltr'>καί</span> <span class='ocrx_word' id='word_1_770' title='bbox 979 4891 983 4949; x_wconf 75' lang='grc' dir='ltr'>ἰ</span> <span class='ocrx_word' id='word_1_771' title='bbox 1003 4932 1039 4944; x_wconf 87' lang='lat'>-</span> <span class='ocrx_word' id='word_1_772' title='bbox 1057 4893 1206 4974; x_wconf 87' lang='grc' dir='ltr'>Κορινθίους</span> <span class='ocrx_word' id='word_1_773' title='bbox 1219 4893 1248 4952; x_wconf 82' lang='grc' dir='ltr'>δέ</span> <span class='ocrx_word' id='word_1_774' title='bbox 1261 4893 1387 4966; x_wconf 80' lang='grc' dir='ltr'>δήσαντες</span> <span class='ocrx_word' id='word_1_775' title='bbox 1401 4885 1487 4972; x_wconf 77' lang='grc' dir='ltr'>εἰχον]</span> <span class='ocrx_word' id='word_1_776' title='bbox 1504 4884 1574 4952; x_wconf 82' lang='grc' dir='ltr'>οῦτοι</span> <span class='ocrx_word' id='word_1_777' title='bbox 1585 4890 1723 4963; x_wconf 82' lang='grc' dir='ltr'>ἐδέθησαν.</span> <span class='ocrx_word' id='word_1_778' title='bbox 1736 4892 1783 4952; x_wconf 85' lang='grc' dir='ltr'>καί</span> 
     </span>
     <span class='ocr_line' id='line_1_54' title="bbox 178 4954 1783 5063; baseline -0.002 -20"><span class='ocrx_word' id='word_1_779' title='bbox 178 4981 209 5043; x_wconf 86' lang='grc' dir='ltr'>τθ</span> <span class='ocrx_word' id='word_1_780' title='bbox 229 4985 361 5062; x_wconf 86' lang='grc' dir='ltr'>μαντεῖον,</span> <span class='ocrx_word' id='word_1_781' title='bbox 374 4983 428 5044; x_wconf 84' lang='grc' dir='ltr'>τίσι</span> <span class='ocrx_word' id='word_1_782' title='bbox 444 4981 518 5062; x_wconf 87' lang='grc' dir='ltr'>νέμει</span> <span class='ocrx_word' id='word_1_783' title='bbox 535 4982 584 5057; x_wconf 72' lang='grc' dir='ltr'>τήν</span> <span class='ocrx_word' id='word_1_784' title='bbox 603 4982 729 5042; x_wconf 87' lang='grc' dir='ltr'>ἀποικίαν</span> <span class='ocrx_word' id='word_1_785' title='bbox 747 4982 792 5043; x_wconf 85' lang='grc' dir='ltr'>καί</span> <span class='ocrx_word' id='word_1_786' title='bbox 806 4982 841 5042; x_wconf 79' lang='grc' dir='ltr'>τά</span> <span class='ocrx_word' id='word_1_787' title='bbox 861 4983 960 5046; x_wconf 87' lang='grc' dir='ltr'>δίκαια.</span> <span class='ocrx_word' id='word_1_788' title='bbox 980 4954 983 5037; x_wconf 85' lang='grc' dir='ltr'>ί</span> <span class='ocrx_word' id='word_1_789' title='bbox 1003 4983 1028 5042; x_wconf 86' lang='grc' dir='ltr'>σί</span> <span class='ocrx_word' id='word_1_790' title='bbox 1042 4985 1069 5043; x_wconf 92' lang='grc' dir='ltr'>ἐν</span> <span class='ocrx_word' id='word_1_791' title='bbox 1084 4981 1241 5063; x_wconf 87' lang='grc' dir='ltr'>Ἐπιδάμνῳ</span> <span class='ocrx_word' id='word_1_792' title='bbox 1257 4981 1334 5041; x_wconf 78' lang='grc' dir='ltr'>ἄλλοι</span> <span class='ocrx_word' id='word_1_793' title='bbox 1352 4979 1485 5061; x_wconf 88' lang='grc' dir='ltr'>Κορίνθιοί</span> <span class='ocrx_word' id='word_1_794' title='bbox 1499 4978 1559 5040; x_wconf 82' lang='grc' dir='ltr'>εἰσι.</span> <span class='ocrx_word' id='word_1_795' title='bbox 1582 5012 1615 5024; x_wconf 94' lang='grc'>-</span> <span class='ocrx_word' id='word_1_796' title='bbox 1628 4997 1651 5040; x_wconf 80' lang='lat'>2.</span> <span class='ocrx_word' id='word_1_797' title='bbox 1665 4980 1722 5051; x_wconf 80' lang='grc' dir='ltr'>Τῆς</span> <span class='ocrx_word' id='word_1_798' title='bbox 1735 4984 1783 5058; x_wconf 75' lang='grc' dir='ltr'>γῆς</span> 
     </span>
     <span class='ocr_line' id='line_1_55' title="bbox 180 5042 1781 5161; baseline 0 -33"><span class='ocrx_word' id='word_1_799' title='bbox 180 5067 243 5137; x_wconf 86' lang='grc' dir='ltr'>ἰσυς</span> <span class='ocrx_word' id='word_1_800' title='bbox 255 5070 306 5152; x_wconf 73' lang='grc' dir='ltr'>γάρ</span> <span class='ocrx_word' id='word_1_801' title='bbox 318 5073 364 5132; x_wconf 68' lang='grc' dir='ltr'>οὔκ</span> <span class='ocrx_word' id='word_1_802' title='bbox 377 5071 502 5132; x_wconf 81' lang='grc' dir='ltr'>ἐπείθοντο</span> <span class='ocrx_word' id='word_1_803' title='bbox 510 5069 555 5132; x_wconf 79' lang='grc' dir='ltr'>τόν</span> <span class='ocrx_word' id='word_1_804' title='bbox 566 5070 688 5161; x_wconf 72' lang='grc' dir='ltr'>χρησμόν</span> <span class='ocrx_word' id='word_1_805' title='bbox 702 5070 731 5130; x_wconf 89' lang='grc' dir='ltr'>θν</span> <span class='ocrx_word' id='word_1_806' title='bbox 745 5070 841 5131; x_wconf 70' lang='grc' dir='ltr'>(λαῖον</span> <span class='ocrx_word' id='word_1_807' title='bbox 850 5072 874 5132; x_wconf 82' lang='grc' dir='ltr'>οἱ</span> <span class='ocrx_word' id='word_1_808' title='bbox 887 5071 961 5134; x_wconf 75' lang='lat' dir='ltr'>&#39;Em-</span> <span class='ocrx_word' id='word_1_809' title='bbox 980 5042 983 5103; x_wconf 71' lang='grc' dir='ltr'>ί</span> <span class='ocrx_word' id='word_1_810' title='bbox 1005 5069 1113 5150; x_wconf 82' lang='grc' dir='ltr'>ἐττμον]</span> <span class='ocrx_word' id='word_1_811' title='bbox 1126 5068 1231 5140; x_wconf 79' lang='grc' dir='ltr'>Ἀττική</span> <span class='ocrx_word' id='word_1_812' title='bbox 1244 5073 1262 5143; x_wconf 85' lang='grc' dir='ltr'>ή</span> <span class='ocrx_word' id='word_1_813' title='bbox 1276 5067 1403 5138; x_wconf 77' lang='grc' dir='ltr'>σύνταξις.</span> <span class='ocrx_word' id='word_1_814' title='bbox 1415 5102 1455 5114; x_wconf 92' lang='grc'><strong>-</strong></span> <span class='ocrx_word' id='word_1_815' title='bbox 1468 5065 1525 5130; x_wconf 88' lang='grc' dir='ltr'>Καί</span> <span class='ocrx_word' id='word_1_816' title='bbox 1544 5065 1703 5148; x_wconf 88' lang='grc' dir='ltr'>Κυλλήνην]</span> <span class='ocrx_word' id='word_1_817' title='bbox 1712 5066 1781 5142; x_wconf 79' lang='grc' dir='ltr'>άλλη</span> 
     </span>
    </p>
   </div>
   <div class='ocr_carea' id='block_1_3' title="bbox 0 0 1848 5828">
    <p class='ocr_par' dir='ltr' id='par_1_3' title="bbox 0 0 1848 5828">
     <span class='ocr_line' id='line_1_56' title="bbox 0 0 1848 5828; baseline 0 0"><span class='ocrx_word' id='word_1_818' title='bbox 0 0 1848 5828; x_wconf 95' lang='lat' dir='ltr'> </span> 
     </span>
    </p>
   </div>
  </div>
 </body>
</html>
