3676 5828
167 316 224 366 uto
855 297 1090 360 THUCYDIDlS

165 435 231 495 ἄλλο
239 437 311 514 σφῶν
320 432 482 511 ἡσσώμενον,
492 427 645 511 πρδςαῦτήν
655 427 702 500 τὴν
711 427 787 487 πολιν
798 430 849 486 τῶν
859 431 948 501 Μιλη-
994 437 1026 487 ud
1041 438 1119 501 ipsum
1130 437 1278 487 Milesiorum
1292 435 1377 486 urbem
1387 436 1438 500 jum
1456 437 1560 487 victores
1570 438 1720 489 consistunt.
1754 437 1789 503 (u)

165 524 229 582 σίων
243 527 397 603 κρατοῦντες
407 520 458 592 ἤδη
473 518 507 579 τὰ
522 520 592 577 ύπλα
606 517 728 576 τίθενται.
770 517 803 596 (ο)
819 515 873 577 Καὶ
888 515 949 586 ξυν-
994 534 1060 584 utin
1074 535 1121 584 hoe
1136 534 1220 598 proelio
1238 534 1353 597 contigit,
1371 539 1398 583 ul
1413 537 1483 585 lones
1499 535 1612 598 utrinque
1627 537 1789 587 Doumsihus

165 611 214 684 ἕὸη
232 615 305 690 ἕνῇ
326 608 401 688 μάχῃ
421 606 505 688 euurq
520 606 578 674 τοὺς
592 603 686 673 Ἴωνα(
699 602 883 686 ἀμφοτέρωθεν
898 607 950 663 τῶν
995 631 1130 694 superiores
1146 635 1243 690 osseum
1260 643 1316 678 nam
1333 634 1358 679 et
1375 630 1560 694 Peloponnesios
1572 632 1597 680 in
1610 631 1663 682 σοῖο
1680 632 1729 681 sihi
1746 646 1788 696 op·

165 702 273 778 Δωίῑῶν
283 700 423 778 κρατῆσαί
435 695 495 762 ³0⁶<
505 719 534 753 τε
545 692 597 776 ia?
610 691 681 752 κατὰ
693 702 760 774 σφᾶς
778 695 951 763 flamm·
996 726 1087 788 positos
1099 725 1256 776 Athenienses
1267 726 1412 787 vincebant,
1422 730 1448 776 et
1458 727 1559 788 Argivus
1569 727 1666 778 Milesii.
1700 732 1788 779 erecto

166 786 237 854 σίους
259 789 283 845 σί
304 785 433 856 litterator
454 782 546 842 ἐνίκων
569 781 614 840 καί
635 780 694 848 τοὺς
712 779 843 861 Ἀργείους
855 784 878 839 σί
895 784 952 886 Mu·
997 827 1078 872 autem
1089 827 1180 885 ,mmm
1190 823 1347 873 ,flmmeum
1358 823 1388 873 ,d
1400 824 1484 875 urbem
1491 824 1723 875 &scammum
1735 839 1788 877 m

166 875 264 947 λύσῑθῑ·
308 871 459 943 mmm<
482 869 509 928 δὲ
532 877 666 950 ‘imm'
687 868 731 926 τὸν
756 891 952 976 περιτείχισμῗν
997 919 1176 983 preparabant,
1193 920 1258 983 quud
1275 920 1343 970 loeus
1363 920 1402 970 ille
1418 921 1443 970 in
1454 921 1537 971 isthmi
1552 921 1653 971 modum
1669 927 1738 973 esset
1752 936 1789 972 nu

167 960 311 1040 ἰσθμώδους
327 960 399 1026 ὄντος
416 965 462 1017 τοῦ
481 957 580 1039 χωρίου
598 961 622 1016 σί
638 957 768 1028 Ἀθηναῖοι
787 978 954 1037 παρεσκευα-
1141 1016 1178 1028 ,,
1319 1018 1325 1029 ,
1371 1017 1375 1028 ,
1473 1017 1479 1029 ,

168 1056 250 1124 ζοντα,
269 1047 427 1127 νομίζοντες,
443 1049 465 1104 εἷ
482 1044 695 1128 προσαγάγοιντο
716 1044 844 1118 Μίλητον,
861 1042 955 1124 ῥαδίως
998 1019 1097 1079 ‘mm'
1108 1021 1287 1077 ⁰¹¹⁸¹¹m³¹¹¹⁰⁸’
1305 1030 1326 1066 ⁵¹
1343 1017 1452 1067 melum
1472 1031 1496 1066 ¹⁰
1508 1031 1577 1080 mm
1589 1023 1738 1081 mmmm
1754 1034 1788 1071 ’θ’

168 1139 199 1198 ἃ,
211 1137 285 1219 σφίσι
296 1136 340 1195 ,αφ
353 1126 437 1194 τᾶλλ,
448 1133 656 1216 προσχωρήσα,
998 1121 1133 1185 degisseut,
1145 1126 1225 1172 uetera
1236 1135 1334 1186 proque
1345 1121 1370 1171 in
1382 1136 1452 1172 susm
1467 1122 1583 1174 ditionem
1595 1122 1665 1173 heile
1676 1128 1797 1174 τειιιυεε.Δ

207 1228 286 1287 XXV
291 1228 311 1286 l.
334 1223 380 1284 Ἔν
391 1221 476 1304 τούτῳ
489 1221 515 1280 δὲ
527 1222 588 1303 περὶ
603 1220 690 1293 δείλην
702 1220 753 1292 ήδη
768 1219 845 1301 ὀψίαν
857 1217 952 1298 σἰγγέλ-
1030 1237 1115 1284 xxvi.
1132 1236 1224 1284 litteren
1241 1247 1299 1283 vero
1312 1235 1362 1296 J'em
1374 1234 1421 1283 suh
1439 1235 1602 1297 resperuuum
1613 1239 1787 1301 crepusculum

168 1319 241 1375 λεται
253 1315 339 1380 αὐτοῖς
351 1310 397 1378 τδς
410 1311 463 1369 ἀπὸ
475 1309 598 1376 Σικελίας
607 1309 653 1368 καί
664 1308 867 1379 Πελοποννήσου
877 1306 955 1365 πέντε
999 1322 1124 1371 nuntiatur
1135 1322 1165 1372 iis
1176 1323 1283 1384 quinque
1294 1326 1320 1372 et
1331 1322 1503 1385 quinquaginta
1514 1337 1529 1373 e
1542 1323 1623 1374 Sicilia
1634 1329 1661 1374 et
1672 1328 1787 1391 Pelopon.

169 1404 214 1463 καί
232 1401 396 1472 πεντήκοντα
412 1405 474 1466 ναῦς
494 1397 554 1458 ὅσον
574 1401 603 1456 οὗ
622 1399 753 1479 παρεῖναι.
772 1400 835 1457 Τῶν
854 1419 882 1454 τε
903 1394 954 1476 γὰρ
999 1423 1057 1459 ueso
1076 1422 1150 1459 neves
1166 1414 1261 1459 tuntum
1279 1424 1327 1458 nou
1346 1409 1440 1459 edesse.
1472 1414 1594 1462 Mumetu
1607 1412 1788 1475 siciliensibus,

169 1491 345 1560 Σικελιωτῶν,
362 1485 560 1568 Ἑρμοκράτους
581 1490 626 1544 τοῦ
649 1484 813 1566 Συρακοσίου
838 1483 954 1561 μάλιστα
999 1501 1153 1548 Hermocrate
1162 1502 1311 1560 syracusano
1320 1498 1473 1561 potissimum
1483 1499 1623 1561 instigante,
1635 1504 1663 1550 ut
1673 1501 1788 1564 adjuncti

170 1577 304 1656 ἐνάγοντος
314 1572 530 1645 Ευνεπιλαῧέσθαι
541 1572 587 1632 καί
599 1577 646 1644 τῆς
657 1572 799 1631 ὗπολοίποῡ
812 1570 954 1643 Ἀθηναίων
1000 1599 1043 1635 sua
1060 1599 1132 1649 opera
1150 1585 1304 1649 perficerent,
1323 1587 1389 1650 quod
1407 1591 1544 1650 superesset
1555 1587 1587 1636 qd
1602 1589 1788 1640 Athenippum„

170 1664 352 1738 καταλύσεως,
369 1662 450 1721 εἴκοσι
465 1666 523 1734 νῆες
539 1660 708 1742 Συρακοσίων
725 1652 803 1732 ήλδον
814 1659 859 1718 καί
877 1661 953 1719 Σελι-
1000 1674 1128 1737 imperium
1139 1675 1313 1737 evertendum,
1323 1676 1408 1737 uiginti
1418 1680 1787 1738 neuessymuusuuorumvene

170 1753 284 1812 υούντιαι
295 1751 355 1824 δύο,
374 1750 404 1809 αί
416 1775 444 1809 τε
456 1752 486 1810 ἐκ
500 1748 718 1834 Πελοποννήσου,
739 1748 770 1815 δε
785 1746 953 1823 usqemun?-
997 1766 1056 1810 runt
1067 1767 1092 1811 et
1102 1761 1158 1811 dum
1171 1763 1325 1823 sermonum
1341 1769 1366 1812 et
1378 1777 1392 1812 e
1404 1763 1569 1826 Peloponneso
1584 1778 1676 1826 neves,
1686 1779 1745 1829 quoe
1755 1767 1788 1817 in·

171 1846 256 1912 ζσντο,
274 1843 378 1918 ἑτοῖμαι
402 1839 452 1912 ήδη
472 1829 561 1912 σύσαι,
579 1836 624 1896 καί
643 1836 787 1919 Θήριμένει
806 1841 845 1918 τῷ
865 1839 955 1896 Λακε-
1000 1849 1162 1910 struebantur,
1179 1850 1229 1911 jhm
1248 1855 1436 1913 pernumerant,
1455 1855 1480 1900 et
1499 1853 1789 1915 ηῑωςῳῃατῂρήωω

171 1929 298 2009 δαιμονίῳ
324 1925 516 2008 ξυναμφότεραι
540 1930 574 1992 ῶς
594 1917 735 2004 Ἀστύοχον
757 1923 801 1982 τὸν
824 1923 955 2003 ναύαρχον
1000 1937 1196 1987 Lueedaemonius
1212 1938 1295 2000 iussus
1306 1943 1357 1987 uret
1371 1938 1402 1987 nd
1417 1939 1564 2000 Astpuehum
1576 1941 1730 1994 nauarchum
1748 1941 1788 1992 de·

109 2047 111 2050 ·
171 2024 378 2097 προσταχθεῖσαι
390 2014 513 2093 κομίσαι,
528 2012 709 2072 κατέπλευσαν
722 2016 747 2079 ἐς
759 2010 841 2093 Λίρσν
852 2015 955 2093 πρῶτον
1000 2024 1100 2085 ducere,
1112 2026 1297 2088 quaeprimoad
1317 2029 1405 2078 herum
1424 2027 1527 2087 insulani
1539 2028 1621 2082 Mileto
1637 2027 1789 2091 udjueentem

171 2105 219 2176 τήν
229 2105 280 2185 πρὸ
292 2103 412 2175 Μιλήτου
426 2107 513 2175 νῆσον·
536 2102 570 2181 (ο)
583 2101 673 2160 ἔπειτα
685 2105 791 2174 ἐκεῖθεν,
806 2099 956 2177 αἰσθόμενοι
1000 2113 1157 2175 appulerunt;
1191 2113 1224 2175 (2)
1245 2112 1330 2162 deiude
1342 2114 1417 2174 illiue,
1433 2128 1509 2177 quum
1528 2115 1706 2169 intellexissent
1717 2099 1793 2174 Atho'

173 2193 216 2252 ἐπὶ
231 2193 343 2273 Μιλήτῳ
357 2192 433 2260 ὄντας
447 2189 608 2263 Ἀθηναίους,
624 2193 650 2257 ἐς
666 2189 710 2248 τὸν
727 2188 841 2248 ’ίασικδν
858 2187 956 2247 κόλπον
1001 2199 1096 2249 nieuses
1113 2198 1144 2248 ud
1161 2200 1269 2250 Miletum
1287 2213 1354 2261 esse,
1370 2202 1396 2249 in
1414 2201 1517 2250 lusieum
1535 2202 1614 2253 sinum
1630 2203 1789 2267 penserunt,

173 2280 298 2362 πρότερον
318 2279 478 2344 πλεύσαντες
502 2270 640 2336 ἐόούλοντσ
661 2276 755 2335 εἰδέναι
779 2276 813 2334 τὰ
833 2275 893 2356 περί
911 2280 957 2347 τῆς
1001 2287 1066 2350 quod
1077 2286 1143 2350 prius
1156 2288 1217 2337 seire
1227 2288 1330 2349 retient,
1341 2287 1399 2351 quid
1410 2302 1489 2337 rerum
1503 2288 1568 2351 epud
1579 2289 1689 2346 Miletum
1701 2304 1791 2353 gerere

175 2368 304 2440 Μιλήτου.
346 2369 377 2445 (s)
393 2363 569 2432 Ἐλθόντοςδὲ
582 2364 746 2424 Ἀλκιόιοίδσυ
763 2363 876 2445 ίππῳές
891 2367 953 2423 Τει-
1002 2380 1047 2424 tur.
1080 2375 1113 2437 (3)
1123 2379 1204 2433 Quum
1215 2381 1296 2425 eutem
1313 2375 1449 2430 Alcibiades
1461 2390 1523 2439 equo
1541 2382 1625 2427 rectus
1637 2377 1669 2426 nd
1681 2379 1790 2435 Tichius·

174 2462 300 2536 χισδσσαν
314 2459 360 2526 τῆς
372 2452 519 2526 Μιλησίας,
533 2443 607 2533 σίπερ
620 2459 666 2512 τοῦ
682 2451 781 2511 κόλπου
799 2451 958 2519 πλεύσαντες
1002 2474 1068 2521 suin,
1078 2460 1127 2522 agri
1139 2461 1225 2511 Milesii
1237 2461 1363 2512 castellum
1370 2499 1377 2524 ,
1388 2464 1509 2523 uenisset,
1520 2464 1552 2513 ud
1561 2478 1636 2527 quem
1654 2467 1727 2516 sinus
1736 2480 1790 2533 par·

175 2543 330 2615 ηὐλίσαντο,
343 2540 516 2600 πυνθάνονται
526 2538 559 2598 ud
568 2541 628 2621 περί
638 2545 684 2613 τῆς
695 2538 792 2620 μάχης·
804 2545 891 2620 παρῆν
907 2539 958 2619 γὰρ
1002 2553 1051 2598 tem
1057 2549 1150 2612 appulsi
1156 2549 1283 2598 stationem
1290 2550 1419 2611 lruhehuut,
1425 2555 1571 2612 cognoscunt
1575 2553 1653 2615 proelii
1659 2559 1790 2616 eventum

175 2630 368 2702 δἈλκιόιοίδης
383 2628 428 2686 καί
440 2626 599 2707 ξυνεμσίχετο
614 2636 667 2694 τοῖς
680 2626 820 2698 Μιλησίοις
831 2627 876 2685 καί
889 2630 914 2688 Τ
916 2651 958 2686 ισ-
1003 2636 1110 2686 adludunt
1128 2636 1191 2686 enim
1211 2637 1235 2685 iu
1254 2651 1284 2687 eo
1303 2637 1440 2688 Alcibiades
1456 2646 1480 2688 et
1491 2653 1546 2689 cum
1560 2641 1660 2690 Milesiis
1671 2646 1696 2692 et
1710 2643 1792 2693 Tisse·

177 2717 311 2801 σαρίρνει,
323 2717 369 2777 καί
379 2717 465 2783 αὐτοῖς
477 2716 603 2798 παρῄνει,
616 2717 638 2774 εί
650 2714 687 2793 μή
702 2713 839 2794 βούλονται
849 2715 882 2773 τά
893 2738 921 2773 τε
932 2717 958 2773 ἐν
1003 2724 1092 2787 pherue
1103 2725 1127 2773 iu
1143 2724 1318 2787 aeterniorem
1332 2731 1357 2775 et
1369 2726 1486 2775 suadebat
1496 2727 1540 2788 iis,
1553 2732 1593 2788 ut,
1603 2729 1650 2778 ruisi
1660 2735 1685 2779 et
1696 2731 1792 2781 leniens

176 2806 264 2886 Ἰωνία
280 2806 325 2865 καί
338 2804 372 2864 τδ
390 2803 528 2882 ξύμπαντα
544 2805 690 2885 πράγματα
712 2801 844 2876 διολέσαι,
861 2799 896 2870 ῶς
912 2803 960 2862 τά·
1003 2816 1028 2861 et
1039 2817 1130 2862 ceteras
1140 2826 1224 2862 omnes
1236 2827 1274 2862 res
1284 2813 1382 2876 perdere
1394 2814 1492 2875 vellent,
1502 2828 1572 2877 opem
1582 2829 1656 2878 quum
1667 2818 1793 2870 ueterrime

175 2919 256 2975 χιστα
273 2899 374 2973 βοηθεῖν
393 2891 506 2974 Μιλήτῳ
517 2892 563 2952 καί
576 2891 612 2971 μή
630 2891 755 2972 περιιδεῖν
768 2893 961 2972 ἀποτειχισθεῖ-
1004 2900 1088 2951 Mileto
1099 2900 1197 2961 ferrent,
1210 2913 1270 2951 neue
1281 2915 1334 2950 eum
1346 2902 1521 2952 circumvallari
1534 2907 1680 2966 peterentur.

178 3006 236 3041 σαν.
1118 3010 1122 3017 ·

218 3062 337 3122 XXVII.
360 3060 413 3121 Καὶ
424 3063 448 3118 οῖ
462 3057 509 3136 μὲν
520 3059 620 3139 άματῇ
635 3058 669 3140 ίῳ
688 3057 797 3136 ἔμελλον
809 3058 959 3138 βοηθήσειν·
1035 3068 1134 3116 xxvu.
1152 3069 1230 3130 Atrpre
1249 3067 1283 3116 iili
1304 3067 1401 3131 quidem
1420 3069 1498 3130 prima
1518 3069 1571 3119 lune
1587 3070 1677 3121 auxilio
1695 3074 1792 3122 venturi

179 3139 312 3231 Φρύνιχος
324 3145 376 3205 δδδ
391 3151 442 3206 τῶν
456 3146 597 3219 Ἀθηναίων
617 3145 777 3227 στρατηγός,
796 3135 902 3213 ὡς’σῖπδ
915 3151 962 3218 τῆς
1005 3158 1083 3217 σεται,
1096 3155 1245 3217 Phrynichus
1259 3169 1331 3216 reru,
1350 3156 1532 3205 Atheniensium
1547 3157 1612 3219 dux,
1624 3158 1669 3209 ubi
1687 3172 1718 3208 εκ
1731 3159 1793 3210 lau

180 3238 264 3319 Λέρου
277 3233 386 3294 ἐπύθετο
404 3233 438 3293 τδι
454 3238 506 3294 τῶν
523 3239 586 3293 νεῶν
604 3239 706 3315 σαφῶς,
726 3233 889 3314 βουλομένων
910 3239 961 3293 τῶν
1005 3242 1035 3291 de
1047 3242 1124 3291 classe
1135 3242 1216 3291 hostili
1228 3244 1328 3292 nuncios
1337 3244 1443 3307 aceepit,
1456 3258 1531 3307 quum
1543 3247 1595 3307 ejus
1606 3246 1706 3310 eollegm
1715 3261 1791 3300 resne·

179 3322 358 3405 ξυυαρχόντων
369 3321 561 3399 ὑπομείναντας
571 3321 773 3400 διαναυμαχεῖν,
784 3323 831 3381 οὐκ
843 3319 892 3402 ἔφη
909 3321 962 3380 οὔτ’
1005 3343 1061 3380 nero
1072 3335 1097 3379 et
1106 3329 1190 3380 nutele
1201 3330 1312 3392 prelium
1325 3332 1475 3380 committere
1487 3332 1589 3391 veilent,
1601 3335 1698 3396 negarit
1710 3341 1755 3385 eut
1766 3349 1793 3386 se

180 3412 257 3480 αὖτδς
270 3409 389 3481 ποιήσειν
400 3415 476 3468 τοῦτο
488 3409 541 3467 οὔτ’
560 3409 667 3475 ἐκείνοις
682 3411 736 3468 οὐδ’
752 3409 824 3491 σίλλῳ
837 3411 920 3468 οὐδενὶ
937 3414 963 3479 ἐς
1007 3417 1052 3466 hoe
1063 3418 1181 3466 lucturum
1189 3454 1196 3478 ,
1205 3423 1260 3479 eut,
1268 3418 1348 3480 quoed
1359 3423 1453 3481 posset,
1462 3420 1509 3469 illis
1519 3427 1561 3469 aut
1572 3421 1613 3470 ulii
1624 3422 1740 3485 cuiquem
1748 3424 1792 3472 hoc

180 3499 290 3576 δύναμιν
303 3497 458 3579 ἐπιτρέψειν.
500 3499 531 3573 (n)
542 3496 630 3556 Ὅπου
642 3496 693 3577 γὰρ
708 3495 804 3565 ἔξεστιν
815 3500 840 3556 ἒν
853 3498 962 3580 ὑστέρῳ,
1007 3503 1082 3554 iuuere
1097 3505 1278 3567 penuissururn.
1311 3505 1345 3568 (i)
1365 3507 1467 3564 Quando
1485 3509 1549 3557 enirn
1567 3508 1650 3558 liceret
1668 3510 1793 3572 eliquanto

181 3589 269 3666 σαφῶς
279 3583 378 3650 εἰδότας
388 3583 453 3664 πρὸς
466 3581 565 3650 ὁπόσας
577 3607 606 3641 τε
617 3589 678 3650 ναῦς
687 3583 813 3661 πολεμίας
829 3585 873 3643 καί
890 3583 963 3653 ὅσαις
1007 3597 1074 3656 post,
1084 3592 1153 3656 pinne
1165 3593 1275 3655 cognito,
1288 3594 1472 3657 adversusquot
1483 3596 1582 3645 hostiles
1594 3610 1684 3658 naues,
1696 3604 1723 3647 et
1734 3605 1793 3662 quui

181 3674 245 3754 πρὸς
263 3669 343 3744 αύτᾷς
361 3677 418 3735 ταῖς
434 3669 581 3750 σφετέραις,
600 3672 695 3736 ἱκανῶς
713 3669 758 3729 καί
776 3671 834 3730 καθ’
849 3671 963 3752 ἡσυχίαν
1007 3680 1057 3729 suis
1069 3685 1214 3743 pugnarent,
1226 3684 1251 3729 et
1262 3681 1333 3730 rebus
1350 3683 1462 3731 omuibus
1474 3683 1532 3733 satis
1543 3688 1567 3733 et
1579 3698 1622 3747 per
1632 3686 1710 3735 otium
1727 3701 1792 3751 pera·

180 3758 460 3843 παρασκευασαμέναις
476 3758 573 3838 [ἔσται]
586 3757 779 3837 ἀγωνίσασθαι,
790 3759 913 3819 οὐδέποτε
925 3766 962 3843 τῷ
1007 3767 1038 3816 lis
1062 3773 1182 3818 uermmeu
1205 3768 1299 3830 subire,
1322 3784 1445 3832 uunquam
1463 3784 1490 3820 οε
1508 3772 1572 3834 turpi
1590 3774 1679 3835 probro
1698 3780 1792 3826 tentum

182 3852 284 3929 αἰσχρῷ
298 3847 389 3906 ὀνείδει
403 3846 471 3915 εἴξας
489 3845 587 3924 ἀλόγως
605 3846 829 3907 διακινδυνεύσειν.
873 3852 904 3927 (u)
923 3854 963 3910 Οὐ
1006 3855 1166 3915 tributurum,
1179 3861 1206 3904 ut
1224 3860 1313 3906 temere
1330 3855 1385 3906 belii
1404 3855 1524 3906 iortununr
1543 3859 1725 3921 peririituretur.
1758 3865 1791 3924 (³)

185 3937 236 4016 γὰρ
257 3933 368 4014 αἰσχρὸν
391 3925 456 3992 εἶναι
477 3934 625 4005 Ἀθηναίους
646 3939 760 4016 ναυτικῷ
784 3934 851 4013 μετδι
872 3944 964 4018 καιροῦ
1008 3943 1131 3992 Meeeuiru
1147 3947 1217 4006 turpe
1231 3945 1468 4005 usse,utheulenses
1482 3946 1665 3996 cumulassein
1685 3952 1792 4012 tempure

183 4027 369 4103 ὑποχωρῆσαι,
387 4021 518 4080 ἀλλὰκαὶ
535 4020 603 4099 μετδι
621 4026 725 4081 ὁτουοῦν
748 4023 844 4103 τρόπου
861 4024 964 4105 αἴσχιον
1008 4029 1105 4089 cedere,
1122 4029 1164 4079 sed
1180 4031 1249 4093 louge
1267 4033 1362 4095 turpius
1376 4032 1440 4094 iure,
1459 4033 1493 4091 si,
1511 4033 1739 4098 quomodocumque
1754 4049 1792 4088 res

183 4110 362 4190 ξυμύήσεσδαι
376 4108 408 4181 ἢν
420 4112 579 4180 ἡσσηδῶσιν·
593 4109 638 4168 καί
648 4107 696 4181 τήν
706 4109 781 4169 πάλιν
796 4113 825 4168 σι’,
839 4112 917 4188 μόνον
927 4118 964 4173 τῶ
1008 4118 1168 4180 contingeret,
1180 4119 1344 4179 vincerentur;
1354 4125 1379 4169 et
1388 4120 1558 4182 renrpuhlimru
1570 4135 1618 4170 nou
1630 4122 1710 4173 sulurn
1720 4124 1745 4173 iu
1754 4123 1791 4173 do·

184 4203 287 4281 αἰσχρῷ
301 4199 370 4257 ἀλλὰ
387 4199 431 4256 καὶ
446 4202 485 4280 τῷ
495 4197 611 4276 μεγίστῳ
629 4197 740 4280 κινδύνῳ
755 4197 930 4280 περιπίπτειν,
947 4176 965 4282 ή
1008 4206 1096 4268 decus,
1108 4206 1149 4255 sed
1162 4208 1234 4256 etiarn
1246 4208 1271 4256 in
1283 4208 1414 4257 maximum
1427 4209 1558 4270 periculum
1572 4210 1691 4270 incidere,
1704 4212 1792 4275 quippe

185 4288 258 4364 μόλις
270 4287 313 4345 ἐπὶ
323 4295 380 4354 ταῖς
391 4285 576 4365 γεγενημέναις
588 4286 728 4366 ξυμφοραῖς
738 4285 886 4365 ἐνδέχεσθαι
898 4289 964 4365 μετὰ
1008 4294 1047 4342 συί
1058 4299 1114 4356 post
1124 4293 1204 4343 eludes
1215 4300 1326 4357 aceeptus
1337 4295 1376 4344 rix
1388 4294 1458 4344 lieeut
1468 4309 1524 4344 curu
1541 4295 1609 4345 inmo
1620 4304 1738 4360 apparatu
1750 4312 1792 4349 suu

186 4371 292 4452 βεόαίου
304 4376 474 4454 παρασκευῆς
485 4372 543 4431 καθ’
558 4373 689 4445 ἑκουσίαν,
701 4371 719 4443 iq
731 4372 800 4431 πάνυ
811 4397 840 4452 γε
852 4374 964 4457 ἀνάγκῃ,
1009 4384 1107 4444 sponte,
1124 4385 1167 4429 unt
1182 4381 1254 4431 etium
1270 4382 1294 4430 iu
1306 4395 1390 4445 magna
1401 4384 1543 4433 necessitate
1554 4384 1620 4446 prius
1636 4399 1741 4449 usquam
1755 4399 1792 4450 ες·

174 4461 298 4542 προτέρα
310 4486 356 4521 ποι
369 4461 519 4541 ἐπιχειρεῖν,
530 4467 582 4521 ποῶ
594 4460 625 4534 δή
642 4466 679 4539 μὴ
699 4461 839 4542 βιαζομένῃ
854 4488 882 4542 γε
902 4464 966 4545 πρὸς
1010 4468 1089 4530 gredi,
1103 4469 1205 4529 nedum,
1217 4469 1237 4518 si
1250 4483 1296 4518 uou
1306 4476 1438 4532 cogeretur,
1450 4471 1555 4533 pericula
1568 4485 1612 4520 sua
1621 4478 1707 4535 sponte
1716 4474 1792 4525 susei-

186 4549 351 4628 αύδαιρέτους
362 4547 493 4615 κινδύνους
507 4547 581 4608 ἰέναι.
626 4552 656 4627 (ο)
672 4549 722 4617 Ὠς
737 4550 850 4630 τάχιστα
862 4551 888 4609 δὲ
906 4553 965 4611 ἐκέ-
1010 4570 1073 4620 pere
1096 4557 1130 4633 (l)
1142 4560 1225 4620 ltuque
1235 4557 1335 4618 jubebat
1344 4558 1397 4607 illos
1406 4559 1537 4620 assumptis
1550 4559 1638 4608 sauciis
1649 4565 1674 4609 et
1684 4561 1793 4623 peditatu

185 4641 245 4696 λευε
255 4637 314 4701 τούς
323 4660 352 4695 τε
360 4635 525 4716 τραυματίας
535 4636 715 4704 αἰναλαόόντας
723 4637 769 4696 καί
779 4638 824 4696 τδν
833 4638 910 4707 πεζὸν
921 4640 967 4699 καὶ
1010 4645 1122 4707 oninique
1133 4644 1303 4705 instrumento,
1314 4645 1380 4707 quod
1391 4659 1473 4695 secum
1485 4644 1627 4706 attulerant,
1637 4649 1726 4698 celetis
1738 4662 1794 4700 vett)

185 4728 237 4783 τῶν
249 4726 347 4783 σκευῶν
357 4723 406 4781 ὅσα
416 4719 496 4795 ἦλθον
508 4723 625 4803 ἔχοντες,
636 4723 653 4781 δ
663 4724 684 4781 δ’
695 4726 726 4782 ἐκ
735 4729 781 4796 τῆς
790 4723 918 4802 πολεμίας
925 4729 967 4785 εί·
1011 4732 1095 4792 rebus,
1108 4745 1205 4794 qunsex
1217 4733 1309 4782 hostico
1320 4734 1455 4795 cepissent,
1467 4734 1569 4795 relictis,
1578 4747 1627 4796 quo
1636 4749 1713 4786 neves
1724 4750 1793 4800 expe·

187 4810 286 4890 λήφασι
295 4809 487 4877 καταλιπόντας
501 4809 571 4879 ὅπως
581 4816 676 4892 κοῦφαι
687 4802 751 4871 ῶσιν
767 4815 794 4869 αί
809 4816 880 4884 νῆες,
898 4815 967 4873 ἀπσ-
1011 4819 1068 4868 ditm
1074 4825 1164 4880 esseut,
1176 4821 1200 4868 iu
1209 4824 1308 4870 sumum
1319 4834 1391 4882 quum
1402 4822 1683 4885 velocissimenuvignre,
1693 4830 1720 4874 et
1729 4825 1794 4875 illino

188 4899 263 4955 πλεῖν
276 4899 300 4961 l<
313 4894 413 4972 Σάμον,
426 4900 545 4956 κάκεῖδεν
556 4897 607 4968 ήδη
620 4895 812 4976 ξυναγαγόντας
824 4897 912 4965 πάσας
922 4897 968 4967 τδς
1010 4907 1059 4969 ium
1076 4909 1176 4958 nauibus
1195 4909 1219 4958 iu
1241 4923 1315 4958 uuum
1334 4910 1462 4959 contructis
1483 4910 1587 4973 impetus
1605 4912 1694 4972 luceru,
1716 4913 1794 4963 sieuhi

188 4988 250 5048 ναῖς
263 4981 320 5049 τοὺς
333 4982 470 5052 ἐπίπλους,
484 4983 517 5054 ήν
532 5007 583 5042 που
596 4983 686 5066 καιρδς
702 4976 733 5064 ᾖ,
751 4986 892 5047 ποιεῖσθαι.
935 4989 966 5063 (ε)
1013 4998 1107 5056 ternpus
1118 5000 1279 5058 opportunum
1292 4997 1361 5045 toret.
1396 4997 1430 5057 (5)
1442 4999 1475 5045 ut
1486 5003 1566 5047 utitem
1578 4998 1731 5060 Phrynichus
1743 5001 1795 5052 hee

190 5069 236 5135 Ὡς
250 5069 272 5128 δ’
287 5069 386 5142 ἔπεισε,
401 5071 445 5129 καί
461 5071 553 5152 ἔδρασε
567 5075 658 5130 ταῦτα·
672 5073 717 5130 καί
732 5071 815 5139 ἔδοξεν
827 5075 874 5131 eiu
887 5076 914 5132 ἐν
929 5078 967 5154 τῷ
1013 5082 1063 5131 suis
1076 5084 1208 5145 pererrauit,
1224 5085 1256 5133 ltu
1269 5085 1340 5136 etium
1353 5084 1421 5144 iecit,
1434 5089 1458 5133 et
1476 5084 1543 5134 uisus
1559 5090 1597 5144 est
1612 5099 1660 5134 nou
1676 5090 1754 5150 tnagis
1771 5089 1794 5139 u
