3676 5828
740 323 911 386 εοιιοιιι.
932 326 1125 404 1v‚n-so.
1639 351 1675 402 ιι

109 457 210 520 Lxxl.
230 460 266 520 A!
277 457 366 518 δίτῶν
376 458 520 541 Μεγαρέων
530 457 645 531 στάσιες]
655 458 679 518 ot
688 458 848 519 στασιάσαν·
893 460 938 520 καὶ
952 461 1089 541 κράτιστον
1103 452 1134 534 ἤν
1151 462 1240 522 αθτόθι
1253 467 1305 524 τῶν
1320 464 1470 538 Ἀθηναίων.
1485 499 1525 514 -
1538 467 1674 548 ’Πνείνων]

71 569 119 614 τες.
134 583 175 593 -
186 547 276 629 Σφίσι]
291 551 344 615 τοῖς
356 549 532 627 Μεγαρεῦσιν.
543 582 584 593 -
594 549 654 608 Οὔκ
665 545 793 626 ἐδέξαντο]
805 547 849 606 τθν
870 486 876 634 ί
893 552 944 607 τῶν
952 548 1103 621 Ἀθηναίων.
1111 553 1223 619 -Τοῖς
1234 552 1303 625 δέ...]
1312 557 1337 613 οί
1347 553 1374 612 δέ
1384 556 1676 630 Πελοποννῆσιοι,,πολ·

69 633 210 715 Βρασίδαν.
223 670 264 679 -
275 655 296 694 ν.
312 636 456 716 Περιϊδεῑν]
472 638 673 716 περισκοπῆσαι.
689 669 730 680 --
743 633 848 715 Σφίσιν]
893 634 941 706 λῆν
954 634 1001 713 μέν
1013 635 1116 716 ἔχοντες
1128 636 1237 716 δύναμιν
1249 640 1350 714 αὐτόθι,
1363 643 1407 724 εἶφ’
1418 642 1529 715 ίκάστης
1539 641 1567 702 δέ
1575 643 1675 712 πόλεως

65 729 120 788 τοῖς
132 726 304 804 Μεγαρεῦσιν.
819 753 823 759 ·
894 725 981 792 αὐτοῖς
994 724 1082 803 ὀλίγου
1097 724 1190 806 μέρους
1203 726 1342 806 παρόντος,
1355 731 1404 789 οὐκ
1416 729 1556 811 έφοόοῦντο
1569 730 1616 803 τὴν
1627 723 1675 805 ἤτ-

38 825 54 864 ⁸
110 811 223 872 Lxxn.
245 808 457 888 Διανενοημίνοι]
472 811 569 869 σκοπθν
584 809 696 890 ἔχοντες.
713 843 752 856 -
769 808 848 888 Πίμ-
893 834 952 887 ταν,
967 811 1127 891 νομίζοντες,
1144 817 1166 873 εἰ
1181 815 1226 874 καλ
1239 814 1309 874 κατδ
1320 816 1416 898 κράτος
1430 821 1611 892 ἤτεηθεῖεν,οὒ
1624 837 1701 899 με-σ

65 900 125 978 ψει]
144 898 253 977 άγγελον
265 897 394 970 δηλονότι.
405 933 446 944 -
457 898 584 970 Ἀπῆλθον
598 897 689 976 πάλιν]
697 898 777 970 ἤγουν
786 900 850 956 ἐπα-
892 897 979 972 γάλως
989 898 1098 980 βλάψειν
1107 898 1155 967 τθις
1165 901 1300 983 πατρίδας.
1313 937 1354 949 -
1364 903 1547 985 Ἐπισχόντες]
1557 905 1675 990 ίκάτεροι

65 983 208 1066 νίστρεψαν
227 989 264 1053 είς
283 984 331 1052 τδς
347 984 450 1056 Θῆθας.
470 1019 512 1031 -
523 1006 544 1044 α.
562 987 624 1045 Τῶν
643 983 670 1042 δέ
686 986 779 1066 ψιλῶν]
796 988 848 1044 τῶν
893 985 1021 1057 δηλονότι.
1035 1020 1076 1032 --
1089 987 1222 1069 Πρότερον
1236 993 1261 1049 οἱ
1277 990 1417 1071 Ἀθηναῖοι]
1431 991 1482 1072 πρὸ
1495 999 1540 1053 τοῦ
1555 997 1675 1059 ἀπελθεῖν

66 1073 215 1145 Ἀθηναίων.
225 1109 266 1119 -
274 1071 439 1151 Οθδαμόθεν]
447 1072 527 1150 ἤγουν
539 1071 591 1130 άπθ
600 1071 699 1139 οὐδενὸς
708 1069 798 1132 τόπου.
808 1106 850 1118 -
892 1071 951 1139 τοὺς
968 1075 1198 1150 Λακεδαιμονίους.
1210 1112 1251 1122 -
1263 1076 1447 1159 Ὡρμῆθησαν]
1459 1071 1547 1153 ἤλθον.
1561 1117 1602 1128 -
1612 1086 1675 1153 Τοῖς

64 1181 86 1221 α.
97 1161 366 1240 Ἄντεπεξελάσαντες]
374 1161 453 1239 ἤγουν
464 1159 523 1228 τοθς
530 1159 627 1227 ίππους
637 1158 797 1231 κινήσαντες.
808 1193 848 1206 -
892 1160 945 1218 ἀπὸ
956 1163 1008 1219 τῶν
1022 1160 1124 1221 πόλεων
1143 1163 1280 1242 ἄρχουσιν]
1297 1165 1377 1243 ἤγουν
1395 1175 1448 1234 τοῖς
1466 1165 1616 1248 συμμάχοις
1628 1175 1675 1228 τοῦ

21 1262 52 1301 ¹⁰
66 1245 113 1317 Είς
125 1255 216 1331 χεῖρας
229 1250 322 1330 ἤισαν]
336 1248 547 1320 συνεπλάκησαν.
562 1283 603 1294 -
616 1246 680 1308 Ἐπὶ
695 1245 773 1319 πολύ]
787 1246 847 1306 διά·
893 1246 1032 1327 Βρασίδου.
1045 1284 1087 1295 -
1100 1249 1254 1331 Δεξάμενοι]
1273 1253 1318 1312 τθν
1338 1253 1471 1334 Βρασίδαν
1489 1255 1618 1327 δηλονότι.
1635 1292 1675 1303 -
1692 1281 1715 1320 ιο

64 1361 155 1416 στημα
175 1338 270 1418 χρόνου
286 1336 413 1410 δηλονότι.
430 1371 471 1382 -
483 1356 505 1396 ε.
514 1334 675 1414 ’Ἀπίδοσαν]
689 1338 743 1402 τοῖς
760 1339 848 1396 Βοιω-
892 1337 953 1395 Τῶν
967 1336 1031 1418 πρδς
1041 1336 1102 1405 τοὺς
1116 1338 1263 1411 Ἀθηναίους
1276 1339 1442 1422 πραξάντων]
1454 1343 1534 1421 ἤγουν
1545 1346 1596 1404 τῶν
1610 1367 1675 1426 προ-

62 1433 125 1492 τοῖς.
139 1460 180 1471 -
189 1429 238 1508 Τῷ
249 1426 328 1484 παντί
340 1424 419 1507 ίργῳ]
434 1426 472 1506 τῷ
485 1428 531 1496 τῖγς
546 1422 643 1504 μάχης.
655 1458 696 1471 -
706 1422 777 1504 Πρδς
789 1421 849 1492 τοθς
891 1423 982 1484 δοτῶν.
1071 1499 1074 1506 ,

63 1513 174 1592 ίαυτῶν]
185 1511 324 1594 ἐχάρησαν
336 1511 465 1586 δηλονότι.
930 1513 1058 1574 LXXIV·
1080 1533 1102 1574 α.
1113 1511 1264 1594 Ὤφθησαν]
1277 1515 1459 1598 έφωράθησαν.
1469 1551 1510 1564 ·-·
1521 1515 1675 1600 Ὁρκόισαν·

103 1603 233 1662 LXXlll.
256 1599 481 1682 Περιορωμόνους]
494 1598 551 1659 άντῖ
560 1603 606 1659 τοῦ
615 1601 798 1680 περιορῶντας.
807 1632 848 1644 -
890 1606 943 1671 τες]
953 1602 989 1667 είς
1000 1599 1092 1681 όρκους
1102 1601 1269 1679 έμθαλόντεςι
1283 1637 1324 1649 -
1334 1624 1356 1664 ε.
1369 1607 1406 1666 οί
1418 1603 1458 1684 δέ]
1467 1608 1492 1665 σί
1503 1607 1624 1686 φυγάδες.
1636 1643 1677 1654 -

20 1706 49 1744 ιε
64 1688 216 1771 Ὁποτίρων
230 1694 247 1761 ἤ
263 1688 323 1761 νίκη
338 1688 424 1767 ἔσται]
438 1687 490 1747 είτε
507 1691 559 1746 τῶν
574 1686 714 1760 Ἀθηναίων
729 1686 783 1746 είτε
795 1689 847 1746 τῶν
891 1685 1003 1759 Ἐπειδὴ
1013 1690 1040 1746 έν
1049 1691 1107 1756 ταῖς
1118 1666 1212 1770 άρχαῖς
1221 1690 1347 1770 ἐγένοντο]
1360 1691 1418 1753 ἀντὶ
1426 1698 1471 1753 τοῦ
1483 1693 1573 1767 ίπειδῆ
1586 1695 1676 1777 άρχειν
1692 1716 1715 1754 ιο

62 1775 285 1855 Δακεδαιμονίων.
298 1811 338 1823 -
347 1796 369 1836 τ.
382 1777 478 1843 Καλῶς
490 1773 518 1833 δέ
527 1773 644 1852 ίνάμιζον
656 1774 697 1853 ...]
708 1773 847 1851 θαυμαστή
890 1774 1031 1856 ᾑρέθησαν.

61 1889 102 1934 τις
111 1857 144 1938 ἤν
157 1865 203 1925 καί
216 1863 451 1946 στρατηγικωτάτη
464 1867 482 1935 ἤ
496 1866 549 1922 τῶν
563 1862 780 1940 Δακεδαιμονίων
789 1862 848 1922 έπί-
930 1864 1043 1924 LXXV.
1063 1863 1118 1924 Τοῦ
1132 1864 1154 1923 δ’
1166 1865 1246 1922 αὐτοῦ
1259 1863 1356 1945 θέρους]
1370 1866 1524 1945 μετάόασις.
1539 1901 1580 1914 -
1590 1888 1613 1929 ε.
1625 1871 1675 1929 Βι-

60 1977 128 2015 νοια.
139 1952 247 2035 ῖσχυρδν
261 1951 313 2033 γάρ
326 1951 423 2032 χωρίον
438 1949 631 2018 καταλαθόντες
644 1948 789 2031 ἡσύχαζον,
803 1950 847 2011 ίνα
891 1953 973 2010 θυνῶν
986 1952 1111 2032 Θρακῶν]
1127 1950 1274 2027 σημείωσαι
1288 1951 1328 2011 ότι
1342 1953 1387 2014 καλ
1401 1958 1425 2014 οί
1440 1955 1544 2016 Βιθυνοί
1558 1957 1674 2037 Θρᾷκες.

62 2042 131 2120 μῆτε
152 2046 176 2102 οἱ
197 2042 329 2114 Ἀθηναῖοι
349 2042 436 2107 αὐτοῖς
456 2036 500 2098 διδ
518 2038 566 2111 τῆν
587 2044 633 2099 τοῦ
654 2037 752 2120 χωρίου
771 2038 847 2119 ίοχθν
890 2072 931 2082 -
942 2037 1000 2111 Τὴν
1014 2039 1058 2098 lul
1073 2043 1111 2121 τῷ
1125 2038 1240 2118 στόματι
1251 2045 1297 2099 τοῦ
1310 2041 1423 2121 Πόντου]
1435 2042 1483 2115 τῆν
1494 2041 1563 2102 κατά
1576 2043 1606 2102 τθ
1620 2047 1676 2104 Βυ·

15 2141 48 2180 2¹¹
61 2130 169 2190 ἐπίωσιν
189 2129 233 2189 ἐπί
254 2127 379 2206 πόλεμον,
402 2127 470 2206 μῆτε
489 2129 514 2186 οῖ
535 2130 667 2209 Μεγαρεῖς
683 2131 847 2207 καταγνῶσιγ
891 2125 1001 2195 ζάντιον·
1014 2126 1054 2187 ότι
1065 2132 1083 2200 ἤ
1093 2127 1162 2188 κατθι
1173 2128 1204 2187 τὸ
1215 2129 1521 2208 ΒυζάντιονΧαλκηδθιν
1531 2130 1676 2212 Μεγαρέων
1690 2155 1717 2194 υο

61 2220 148 2276 αὐτῶν
166 2219 202 2284 ῶς
214 2215 390 2292 ἤττηθέντων,
409 2213 455 2274 καί
474 2215 626 2275 ἀποσταῖεν.
643 2213 699 2274 ίπελ
711 2214 739 2274 δὲ
758 2214 847 2296 δώρων
891 2213 961 2272 έστλν
976 2215 1093 2276 ιἰποικία.
1370 2252 1373 2258 -
1431 2279 1432 2282 ς

59 2303 120 2371 τὼς
134 2305 264 2386 Μεγαρεῖς
279 2303 344 2385 πρδς
355 2302 403 2375 τῆν
421 2301 505 2383 τύχην
520 2306 647 2384 δρῶντας,
661 2303 707 2362 καλ
719 2328 758 2385 τερ
771 2302 847 2375 νεκῆ-
930 2304 1058 2364 Lxxvl.
1069 2301 1562 2386 κ.Ἐπράσσετο]άντλτοῶπροεδίδοτο.
1574 2304 1676 2366 -Τθν

60 2416 136 2451 σαντε
149 2395 332 2473 προςτεθῆναι,
347 2391 396 2470 οθχ
408 2389 512 2458 ἱκανοὺς
530 2388 637 2457 έαυτοθς
650 2390 715 2470 πρδς
728 2390 848 2464 ἁπάντη·
890 2388 1003 2467 κόσμον]
1019 2389 1078 2463 ἤτοι
1097 2391 1145 2462 τῆν
1163 2391 1309 2452 πολιτείαν.
1330 2426 1371 2440 -
1388 2411 1409 2451 ι.
1430 2392 1470 2453 Τὸ
1485 2394 1512 2450 έν
1531 2397 1565 2472 τῇ
1583 2395 1675 2453 Τανα-

61 2505 102 2540 σιν
122 2484 174 2540 τῶν
197 2477 338 2553 Ἀθηναίου
359 2481 482 2562 δρῶντες,
503 2477 548 2537 καλ
563 2477 673 2546 δεδιότες
689 2478 719 2538 τὸ
741 2477 847 2557 μέλλω,
890 2476 980 2559 γραίφ]
988 2477 1017 2537 δν
1030 2477 1326 2561 δηλονότι-Ἀθρόα]
1338 2480 1418 2558 ἤγουν
1426 2480 1568 2557 πανδημεί.
1579 2483 1673 2541 -Κι-

15 2579 47 2621 2³
62 2567 203 2648 ἡσύχαζον,
220 2565 433 2649 προςποιούμενοι
448 2564 486 2644 μῆ
498 2564 580 2624 θέλειν
596 2569 696 2648 πρῶτοι
710 2565 787 2648 άρξαι
801 2572 847 2640 τἠς
891 2564 1015 2644 νοιίμενα]
1030 2566 1088 2626 ἀντί
1102 2572 1148 2626 τοῦ
1159 2566 1351 2649 παρεπόμενα.
1361 2602 1402 2613 -
1411 2588 1433 2628 ο.
1447 2565 1480 2629 Ἡ
1494 2569 1583 2649 πεῖρα]
1594 2568 1675 2647 ἤγουν
1689 2588 1715 2626 τι

62 2655 165 2736 μάχης,
176 2655 347 2737 έκφοθοῦντες
358 2652 386 2713 δέ
400 2653 446 2713 καί
459 2651 518 2722 τοθς
529 2657 662 2736 Μεγαρεῖς
674 2652 712 2732 μὴ
727 2678 847 2736 προςχω-
890 2659 908 2726 θ,
920 2653 1021 2735 πρᾶξις.
1035 2684 1069 2694 -
1088 2654 1143 2714 Καὶ
1152 2653 1231 2727 οὔσης
1244 2655 1403 2728 ίκάστοις...]
1414 2655 1460 2715 καί
1474 2654 1552 2728 οὔσης
1559 2656 1677 2723 ἑκάστοις

60 2749 201 2828 ρῆσαιτοῖς
210 2739 847 2825 Ἀθηναίοις-κΕίμένγθρμῆ..]είμλνγθρ
891 2743 938 2800 οθκ
963 2741 1017 2800 άπδ
1041 2743 1140 2801 πολλοῦ
1168 2742 1346 2820 διαστήματος
1369 2748 1521 2824 καταφυγῆς
1549 2745 1602 2810 τοῖς
1624 2747 1676 2803 τῶν

61 2834 85 2891 οἱ
99 2829 315 2909 Λακεδαιμόνιοι,
330 2829 510 2907 ἀμελήσαντες
524 2828 730 2912 Μεγαρέων,μῆ
746 2830 846 2911 βοηθῆ-
891 2826 1032 2901 Ἀθηναίων
1046 2831 1170 2909 λῃσταῖς,
1185 2828 1228 2888 διδ
1243 2829 1272 2888 τὸ
1284 2829 1395 2902 πλησίον
1414 2820 1480 2889 εῖναι
1499 2827 1534 2888 τά
1550 2829 1677 2912 στρατεθ-

59 2940 147 2985 σοντις
158 2915 342 2998 παρεγένοντο,
352 2920 400 2978 οθκ
410 2917 441 2977 δν
457 2917 566 2995 ἔμελλον
576 2922 600 2978 σί
610 2919 741 2999 Μεγαρεῖς
750 2921 786 2987 εἰς
799 2918 846 2991 τῆν
891 2938 965 2994 ματα
979 2919 1030 2975 τῶν
1050 2916 1201 2990 Ἀθηναίων,
1211 2918 1257 2977 καί
1274 2917 1399 2979 δύνασθαι
1415 2921 1502 2986 αὐτοῖς
1520 2921 1631 3000 βοηθεῖν,
1644 2919 1675 2979 άν

16 3022 48 3061 ω
61 3003 735 3086 τόχηνσκαπεῖν,καλτθμέλλονίσεσθαιπερεμίνεεν,
745 3006 846 3085 (ἤγουν,
889 3027 915 3063 τι
934 3003 1052 3063 πάθωσιν
1067 3005 1118 3064 θπδ
1131 3008 1183 3064 τῶν
1199 3009 1330 3068 Βοιωτῶν.
1352 3041 1391 3052 -
1412 3005 1491 3067 Κατθ
1504 3005 1604 3088 χώραν]
1618 3007 1676 3079 ἤτοι
1689 3025 1716 3067 w

60 3096 84 3152 εί
95 3096 118 3152 οἱ
127 3092 638 3174 λακεδαιμόνιοιπαρόντεςνικῆσουσεν,)
648 3093 705 3152 ἀλλ’
717 3092 847 3166 εθθθς,ῶς
890 3090 959 3150 κατδ
970 3091 1018 3164 τῆν
1033 3091 1130 3151 οίκείαν
1141 3090 1223 3161 τάξιν.
1238 3127 1277 3138 -
1294 3094 1357 3161 Τοῖς
1370 3093 1409 3166 δέ]
1425 3094 1505 3171 ἤγουν
1519 3098 1571 3161 τοῖς
1589 3098 1677 3156 Βοιω-

60 3184 149 3262 σαφῶς
160 3180 374 3258 Λακεδαιμονίων
385 3180 561 3254 ἤσσηθέντων,
576 3180 722 3253 Ἀθηναίοις
736 3180 844 3258 ίμελλον
889 3185 951 3245 τοῖς.
965 3212 1003 3223 -
1016 3178 1200 3250 Καταστῆσειν
1214 3179 1293 3252 αθτά]
1302 3183 1326 3239 οἱ
1335 3180 1465 3254 Ἀθηναῖοι
1476 3181 1524 3252 τὴν
1538 3182 1674 3263 δημοκρα-

59 3267 167 3335 ίαυτοθς
178 3268 354 3349 παραδώσειν·
366 3273 410 3327 νῦν
422 3266 450 3326 δέ
461 3268 526 3350 πρδς
542 3267 627 3350 τούτῳ
638 3269 684 3328 καὶ
696 3267 847 3342 Ἀθηναίους
889 3263 957 3324 τίαν.
971 3301 1012 3312 -
1023 3265 1070 3334 Ἐς
1081 3266 1111 3325 τὸ
1125 3266 1280 3340 ίπιτῆδειον]
1296 3270 1383 3335 armi<
1395 3267 1523 3340 δηλονότι.

59 3354 93 3414 δν
110 3363 198 3434 τυχεῖν
212 3354 372 3433 πολεμήσειν
387 3353 425 3433 μῆ
442 3354 622 3435 βουληθέντας.
643 3390 683 3403 -
694 3357 753 3416 Οθκ
767 3356 798 3415 δν
819 3359 845 3416 έν
931 3355 1075 3416 LXXVII.
1098 3353 1207 3436 Είρητο]
1219 3354 1427 3436 συνεπεφῶνητο.

16 3443 127 3522 θοτύχῃ
144 3441 277 3520 γίγνεσθαι
290 3441 428 3523 σφίσιν]
445 3443 492 3501 οὐκ
510 3442 542 3501 δν
556 3443 600 3502 ίπλ
620 3442 736 3524 τῇτθχῃ
758 3445 847 3504 θέσθαι
932 3442 1091 3503 Lxxvlss.
1116 3442 1249 3523 Βρασίδας
1273 3441 1344 3515 δὲ...]
1373 3447 1425 3502 τῶν
1450 3446 1475 3511 ἐς
1510 3445 1675 3524 τριςκαίδεκα
1689 3468 1715 3508 σε

59 3529 119 3597 τοθς
132 3533 265 3611 Μεγαρεῖς
278 3529 423 3607 τδμέλλον,
435 3530 481 3589 καί
492 3529 639 3612 περιμένειν
649 3531 767 3614 ὁπότεροι
777 3556 845 3614 κρα-
890 3527 962 3596 τέλος
979 3534 1027 3600 τῆς
1040 3528 1132 3603 έκτης,
1150 3528 1220 3611 ἀρχῆ
1243 3534 1291 3602 τῆς
1304 3530 1428 3609 ἑβδόμης.
1454 3566 1494 3579 -
1516 3531 1597 3613 Παρθ
1617 3532 1676 3600 τοθς

58 3617 193 3689 τῆσουσιν.
207 3624 225 3690 ἤ
238 3619 266 3676 δέ
281 3617 391 3677 διάνοια·
408 3617 481 3697 εἰμὴ
495 3617 620 3701 ῶφθησαν
637 3623 660 3679 οἱ
674 3621 846 3694 Πελοποννῆ-
890 3617 1059 3691 ίπιτηδείους]
1072 3618 1131 3687 τοθς
1143 3617 1242 3699 φίλους.
1265 3653 1306 3665 -
1319 3618 1436 3732 Διάχειν]
1451 3619 1623 3690 διαθιόάζειν.
1635 3656 1676 3668 -

59 3728 111 3765 σισι
124 3706 176 3765 θπδ
188 3708 241 3765 τῶν
255 3705 401 3788 Μεγαρέων
415 3705 546 3779 έλθόντες,
568 3709 615 3766 οθκ
629 3706 661 3766 θν
675 3711 698 3767 οί
714 3712 846 3791 Μεγαρεῖς
891 3705 1059 3786 Ἐποφεῦετο]
1088 3705 1263 3786 θΒρασίδας.
1281 3727 1356 3768 -ν.
1391 3710 1474 3786 Ηγον]
1495 3708 1622 3787 ῶδῆγουν.
1636 3744 1674 3754 -

60 3794 87 3851 έν
103 3794 189 3853 έλπίδι
209 3793 277 3861 τινδς
295 3793 426 3874 ίγίνοντο,
446 3793 529 3867 άλλθ,
549 3794 669 3876 καθάπερ
682 3797 845 3870 ἡττηθέντων
890 3793 1055 3865 Ἐπιτῆδεεος
1064 3792 1111 3866 ὧν]
1124 3794 1206 3876 φίλος.
1221 3830 1262 3841 -
1275 3793 1385 3868 Διιέναι]
1401 3797 1542 3856 διοδεῶσαι.
1552 3831 1592 3843 -
1604 3795 1676 3858 Ἕλ-

15 3903 47 3943 εο
61 3880 286 3960 Λακεδαιμονίων,
300 3881 345 3940 καί
363 3881 406 3940 διὰ
419 3887 496 3941 τοῦτο
511 3881 549 3961 μῆ
567 3883 793 3963 παραγενομένων,
810 3889 846 3953 ὡς
888 3882 976 3954 λησιν]
1001 3879 1135 3954 Ἕλληνας
1159 3880 1230 3961 λέγει
1252 3881 1311 3951 τοὺς
1336 3883 1397 3964 περί
1418 3883 1453 3942 τίι
1480 3883 1627 3967 Φάρσαλα,
1650 3885 1675 3945 οῖ
1688 3909 1716 3949 ιο

60 3971 108 4029 οὐκ
128 3967 206 4040 οὔσης
224 3969 310 4036 αθτοῖς
333 3968 465 4048 βοηθείας,
480 3969 553 4037 εὐθὺς
574 3968 606 4028 δν
627 3973 680 4037 τοῖς
701 3970 846 4043 Ἀθηναίοις
889 3968 989 4050 ’λχαιοῖ
1003 3969 1133 4049 λέγονται.
1149 4005 1190 4018 -
1203 3971 1350 4052 Δυναστείφι
1363 3973 1507 4052 μᾶλλον...]
1520 3971 1560 4031 ότι
1574 3974 1675 4050 μᾶλλον

59 4057 95 4122 ῶς
111 4055 258 4129 νενικηκόσι
273 4055 423 4138 παρέδοσαν
434 4056 482 4127 τῆν
496 4055 588 4115 πάλιν·
600 4054 666 4124 ῶςτε
679 4061 768 4140 σαφῶς
783 4081 845 4118 στε-
889 4058 1029 4141 δυναστείφ
1040 4059 1109 4140 ἤπερ
1126 4058 1245 4140 ίσονομίφ
1258 4058 1392 4141 ίγχωρίως
1404 4062 1520 4140 ἐχρῶντο
1534 4062 1557 4119 οί
1573 4065 1677 4122 Θεσσα-

60 4148 171 4225 ρηθῆναι
192 4142 252 4212 τοθς
275 4144 498 4223 Λακεδαιμονίους
519 4149 572 4204 τῶν
592 4144 733 4227 Μεγάρων·
754 4152 799 4207 νῦν
817 4147 845 4207 δέ
888 4147 939 4208 λοί.
955 4182 997 4193 -
1007 4168 1030 4208 ε.
1045 4149 1134 4229 Αὐτῷ]
1146 4151 1184 4228 τῷ
1197 4147 1326 4228 Βρασίδα.
1340 4181 1381 4192 -
1396 4144 1514 4218 Τούτοις]
1529 4147 1609 4226 ἤγουν
1621 4149 1676 4216 τοῖς

60 4231 177 4299 ἐλθόντες
189 4236 213 4292 οί
226 4232 429 4312 Λακεδαιμόνιοι
443 4233 567 4293 ένέλπίδι
579 4232 695 4314 ἐγένοντο
704 4235 846 4316 κρατῆσειν
889 4235 983 4295 ίάσασε
994 4235 1039 4295 τθν
1061 4234 1193 4316 Βρασίδαν
1208 4232 1310 4299 διιέναι.
1321 4269 1362 4280 --
1383 4252 1406 4294 ε.
1421 4237 1457 4295 Οί
1469 4231 1497 4292 δέ
1512 4233 1627 4312 άγοντες]
1649 4239 1674 4294 οῖ

15 4341 46 4380 εο
59 4324 113 4380 τῶν
127 4319 267 4402 Μεγάρων,
280 4323 302 4380 εί
315 4325 340 4381 οί
354 4321 484 4392 Ἀθηναῖοι
496 4320 534 4399 μὴ
549 4320 683 4402 βούλοιντο
693 4323 847 4402 διαγωνίζε-
889 4323 950 4405 περ]
963 4324 1007 4383 τθν
1022 4322 1165 4403 Πάναιρον.
1179 4355 1217 4366 -
1229 4320 1308 4381 Ξένοι
1321 4320 1401 4392 ὄντες]
1417 4319 1496 4402 φίλοι.
1510 4351 1552 4367 -
1567 4323 1626 4382 Οὐκ
1640 4320 1673 4381 ἂν
1686 4340 1714 4380 ιε

59 4413 131 4470 σθαι.
146 4443 187 4456 -
204 4429 226 4470 ι.
242 4408 290 4482 Μῆ
304 4407 442 4490 ἐπιόντων]
455 4409 540 4469 λείπει
553 4415 605 4470 τῶν
622 4411 844 4489 Λακεδαιμονίων.
889 4412 1034 4493 προελθεῖν]
1049 4410 1128 4488 ἤγουν
1142 4408 1256 4491 ἔφασκεν
1272 4411 1318 4468 οῖκ
1331 4408 1362 4468 διν
1376 4410 1521 4489 προελθεῖν.
1534 4443 1573 4454 -
1582 4430 1604 4470 ο.
1618 4410 1674 4470 Ξυ-

58 4524 101 4543 ⁶-
115 4495 285 4576 Λογιζόμενοι
304 4519 331 4557 ιι.
345 4500 370 4557 σί
388 4498 427 4556 ίκ.
448 4497 518 4578 σεμ]
532 4496 691 4568 ένῆλλακται
709 4502 727 4570 ἤ
747 4501 847 4566 πτῶσις
889 4502 983 4570 στῆναι
996 4497 1027 4556 τὸ
1040 4498 1169 4568 κωλῦσον]
1185 4500 1400 4576 συναθροισθῆναι
1409 4492 1467 4564 τοθς
1479 4495 1653 4565 κωλύσοντας.

60 4584 120 4643 ἀντί
142 4590 201 4658 τοῦ,
220 4583 393 4664 λογιζομένων
417 4583 464 4643 καλ
484 4588 536 4643 τῶν
554 4585 658 4645 ἐκείνων
677 4589 845 4667 στρατηγῶν,
929 4587 1056 4647 LXXIX.
1072 4605 1094 4644 κ.
1108 4583 1263 4664 Ἐξῆγαγον]
1276 4587 1300 4643 οί
1314 4586 1345 4643 έκ
1354 4587 1401 4654 τῆς
1414 4584 1615 4657 Πελοποννήσου
1626 4587 1674 4658 δσΓ

59 4671 180 4732 ταυτίστι
197 4676 250 4732 τῶν
264 4671 417 4745 Ἀθηναίων.
433 4676 451 4744 ἤ
468 4669 495 4731 δὲ
510 4671 619 4733 διάνοια·
637 4677 688 4733 τῶν
703 4673 846 4746 Ἀθηναίων
888 4671 984 4732 λονότι.
993 4706 1035 4717 -
1046 4671 1178 4748 Πολέμιος
1188 4669 1236 4749 μὲν
1246 4672 1293 4730 οὐκ
1303 4669 1350 4743 ὧν]
1362 4678 1415 4737 τοῖς
1428 4669 1570 4743 Ἀθηναίοις
1583 4672 1674 4744 δηλον·

17 4762 87 4820 uod
103 4760 245 4841 στρατηγοὶ
255 4758 436 4841 παρετάξαντο
447 4759 495 4838 μέν
506 4763 541 4829 ὣς
555 4762 580 4828 ές
598 4761 697 4841 μάχην,
714 4761 847 4842 ἤσνίχαζον
890 4759 939 4820 ότι.
950 4794 990 4806 --
998 4759 1132 4831 κλθτυῖς]
1143 4758 1223 4836 ἤγουν
1232 4761 1270 4838 τῷ
1279 4758 1415 4839 Περδίκκφ
1426 4757 1471 4817 καὶ
1480 4762 1533 4826 τοῖς
1542 4758 1586 4818 lul
1597 4760 1672 4843 Θρό·
1686 4783 1713 4824 σο

62 4847 108 4924 δέ,
118 4847 278 4927 λογιζόμενοι
290 4849 327 4927 μὴ
340 4848 395 4908 ἴσον
406 4839 474 4907 εἶναι
483 4847 528 4907 τδν
537 4847 653 4907 κίνδυνον
666 4850 752 4916 αὐτοῖς
763 4849 846 4913 τεκαὶ
890 4872 937 4920 κης
951 4850 1083 4930 ἀφεστῶσι
1094 4850 1146 4905 τῶν
1161 4846 1309 4918 Ἀθηναίων.

61 4936 116 5003 τοῖς
127 4936 354 5009 Πελοποννησίοις
366 4933 788 5015 άναλογιζόμενοιότινικῆσαντες
799 4937 846 5014 μέν
931 4939 1044 4999 LXXX.
1058 4938 1101 5014 Τῇ
1116 4934 1220 4994 ἐκείνων
1240 4938 1286 5014 γῇ]
1309 4932 1389 5010 ἤγουν
1410 4936 1444 5012 τῇ
1460 4935 1611 5012 Λακωνικῇ.
1632 4967 1673 4980 -

64 5022 147 5104 μικρθ
158 5025 335 5105 κερδαίνουσι,
350 5025 463 5106 Μέγαρα
475 5024 612 5096 λαβόντες,
621 5024 766 5097 νικηθέντες
777 5023 806 5084 δὲ
817 5025 847 5084 τὸ
891 5024 1002 5102 ίτοίμων
1021 5022 1112 5094 όντων]
1126 5026 1179 5081 τῶν
1186 5019 1339 5081 Χαλκιδέων
1351 5019 1396 5079 καλ
1412 5025 1459 5079 τοῦ
1470 5019 1672 5102 Περδίκκου.-

63 5112 202 5193 κράτιστον
214 5117 260 5185 τῆς
270 5113 371 5182 πολεως
380 5111 548 5176 ἀπολέσουσι.
558 5111 588 5173 τθ
597 5111 647 5194 γάρ
656 5111 847 5194 μαχιμώτατον
890 5109 1133 5187 Ἐπικαλουμένων]
1146 5108 1203 5168 ἀντὶ
1213 5113 1259 5168 τοῦ
1275 5106 1503 5199 προκαλουμένων.
1516 5142 1556 5154 -
1568 5127 1590 5168 τ.
1599 5110 1670 5171 Bw-
