3676 5828
151 329 209 382 284
833 305 1070 368 Tflllcilbibls

151 440 323 513 ἱπποτοξότας
337 438 476 523 τριάκοντα
490 435 536 495 καί
552 433 671 495 τάλαντα
690 434 813 517 ἀργυρίου
828 431 937 516 τριακό-
980 441 1056 505 ipsam
1066 440 1171 492 Siciliam
1179 451 1254 502 equos
1263 437 1467 503 suppeditaturam
1477 442 1600 502 putarent,
1609 443 1632 489 ct
1641 441 1774 503 equestres

152 557 206 594 σγα,
979 529 1115 591 sagittarios
1126 528 1234 590 trigium
1247 532 1272 576 ct
1284 531 1387 577 trecenta
1396 527 1486 588 argenti
1499 527 1595 576 talenta.

191 619 281 681 XCV·
302 619 358 677 Τοῦ
375 617 398 674 δ’
411 615 491 673 αὐτοῦ
505 602 566 692 ἦρος
582 608 628 668 δαί
644 611 685 668 ἔπ’
698 607 790 689 Ἄργος
810 606 938 690 στρατῑύ·
1012 627 1088 674 Xcv.
1106 624 1197 673 Eodem
1216 636 1273 672 vere
1291 622 1464 672 Lacedaemonii
1483 622 1633 684 expeditione
1651 613 1774 672 adversus

155 730 247 774 σαντες
262 700 465 780 Λακεδαιμόνιοι
484 698 563 778 μέχρι
578 697 625 775 μὲν
641 699 770 758 Κλεωνῶν
782 688 870 769 ήλθον,
882 718 939 753 σει·
981 705 1057 763 Argos
1073 706 1185 764 suscepta
1194 700 1317 764 'progressi
1333 700 1431 762 quidem
1443 706 1500 749 nunt
1514 700 1545 748 ad
1563 701 1664 750 Cleonas
1678 713 1773 762 usqne,

154 800 224 874 σμσῦ
245 792 273 852 δὲ
291 789 430 870 γενομένου
451 785 640 866 ἀπεχώρησαν.
666 784 850 898 ΚαλἏργεῖοι
871 780 939 860 μετὰ
983 780 1095 830 sediacto
1105 779 1492 830 terraemotudnmumredicruat
1526 784 1612 830 Postea
1620 793 1677 828 raro
1685 779 1772 841 Argivi

153 888 238 942 ταῦτα
255 878 411 945 ἀσύαλόντες
423 879 449 943 ἐς
461 874 510 947 τὴν
524 878 654 953 Θυρεᾶτιν
667 870 761 954 όμορον
774 894 854 930 ουσαν
865 870 939 930 λείαν
982 859 1113 921 Ῐίωθίίθῃθ
1124 859 1149 907 5¹¹
1163 871 1247 946 fflm
1259 858 1428 918 'shlffflfifflm
1440 870 1485 906 ⁸¹¹⁰
1501 856 1627 906 finitimum
1644 857 1707 945 M?
1721 869 1773 905 ¹¹¹⁸·

153 964 427 1043 τῶνΛακεδαιμονίων
432 960 531 1032 πολλήν
544 959 679 1036 ε’λαύον,ή
692 956 794 1041 ἐπράθη
804 955 940 1016 ταλάντων
982 947 1053 996 gnam
1061 933 1408 997 Lammfflm‘umpmdam
1415 939 1542 997 ⁰⁸p⁰¹¹¹¹¹¹t
1552 947 1608 996 ‘³⁰ae
1617 935 1713 984 “lenm
1722 946 1774 982 ⁰⁰¹¹

154 1057 202 1116 οὐκ
214 1054 324 1114 ἔλασσον
338 1051 415 1110 πέντε
429 1048 475 1108 καί
489 1047 585 1107 ιίκσσιε
603 1049 633 1124 (a)
652 1043 941 1114 ΚαίθΘεσπιίωνδῆ·
982 1025 1065 1138 Ἐέἒὲ
1074 1016 1159 1137 ἓξὲξ
1167 1010 1773 1151 ἓέἐῖἷίέξΤίιξέὲῒίίῖῃξὲγωὲἓέῃᾚιῗὶῒέξζθ

156 1168 203 1223 μοί
212 1145 238 1203 ἐν
248 1146 286 1223 τῷ
298 1143 369 1220 αὐτῷ
381 1138 462 1221 ogiae
474 1139 502 1196 οὐ
517 1133 584 1195 πολὺ
597 1133 714 1215 ὕστερον)
727 1131 877 1210 ἐπιθέμενος
888 1139 941 1198 τοῖς
983 1169 1022 1215 tus
1036 1179 1117 1215 rerum
1131 1178 1179 1214 non
1195 1169 1232 1214 est
1248 1165 1352 1227 potitus,
1369 1163 1412 1212 sed
1426 1177 1501 1226 quum
1518 1163 1624 1213 Thebani
1640 1163 1688 1212 illis
1699 1175 1773 1227 opem

154 1230 202 1299 eh<
224 1229 308 1313 ἀρχό(
329 1227 433 1308 ἔχουσιν
453 1227 483 1285 ⁰l'l
502 1222 642 1302 κατίσχῑν,
667 1219 736 1280 ἀλλὰ
756 1218 942 1301 possessores
985 1243 1110 1304 tulissent,
1122 1243 1207 1305 partim
1219 1241 1318 1305 quidem
1332 1242 1498 1305 comprehensi
1511 1245 1582 1302 sunt,
1595 1242 1684 1305 parh'm
1700 1241 1773 1292 Atha·

155 1318 284 1393 θηάαίων
301 1319 325 1376 σί
337 1314 385 1394 μὲν
400 1311 593 1392 ξυνελήφθησαν
606 1313 630 1368 σί
645 1309 667 1367 δ’
677 1307 796 1377 ἐξέπεσον
808 1307 940 1379 Ἀθήναζε.
982 1333 1027 1369 nas
1038 1319 1203 1381 confugerunt.

195 1406 299 1468 xcvi.
324 1403 379 1464 Kal
397 1405 421 1461 οί
444 1396 604 1480 Συρακόσιοι
623 1402 669 1454 τοῦ
686 1397 767 1455 αὐτοῦ
788 1393 889 1476 θέρους,
908 1399 943 1462 ὡς
1015 1410 1101 1458 xcvi.
1119 1406 1208 1458 Eadem
1226 1410 1311 1456 aestate
1331 1406 1475 1468 syracusani
1492 1419 1567 1469 σσσιιε
1584 1406 1772 1467 intellexissent,

155 1492 281 1554 ίπθθοντθ
297 1491 358 1559 τούς
376 1486 521 1568 ‘Uitulus
538 1485 650 1556 ἥκοντας
668 1487 721 1550 τοῖς
738 1481 881 1554 Ἀθηναίοις
898 1481 943 1540 καὶ
984 1494 1170 1546 Atheniensibus
1182 1493 1277 1544 venisse
1292 1494 1399 1557 equites,
1411 1498 1436 1542 et
1449 1493 1498 1554 iam
1508 1507 1550 1543 eos
1563 1492 1680 1543 adversus
1698 1507 1725 1544 se
1737 1493 1773 1544 irc

157 1581 301 1661 μίλλσντας
314 1579 365 1651 ήδη
377 1577 421 1637 tet
435 1583 500 1657 σφθς
514 1572 595 1645 ἰέναι,
607 1571 772 1650 νομίσαντες,
783 1569 828 1629 ἐάν
840 1567 877 1647 μή
891 1571 942 1628 τῶν
987 1581 1115 1641 statuisse,
1134 1580 1315 1641 existimantes,
1335 1580 1357 1630 si
1374 1581 1533 1631 Athenienses
1547 1594 1596 1629 non
1615 1584 1776 1644 compassent

156 1669 311 1732 Ἐπιπολῶν
325 1663 492 1746 κρατήσωσιν
510 1665 535 1721 οἱ
551 1661 696 1732 Ἀθηναῖοι,
711 1657 808 1739 χοιρίον
826 1658 943 1739 ἀποκρή-
986 1669 1112 1732 Epipolas,
1124 1668 1203 1718 locum
1215 1672 1363 1732 praeruptum
1375 1672 1400 1717 et
1408 1668 1463 1717 urbi
1475 1681 1548 1731 prope
1554 1668 1735 1729 imminentem,
1747 1681 1775 1719 se

159 1780 224 1836 μνον
242 1779 271 1815 τε
285 1753 331 1814 καί
351 1752 417 1834 θπὲρ
435 1756 482 1823 τῆς
495 1749 595 1816 πόλεως
612 1746 685 1814 εθθθς
697 1746 831 1824 κειμένου,
848 1748 894 1813 οὐκ
912 1744 944 1805 ἀν
987 1769 1035 1804 non
1047 1755 1115 1806 tacite
1126 1755 1332 1804 circumvallatum
1342 1755 1382 1815 iri,
1394 1768 1423 1804 ne
1433 1755 1453 1804 si
1463 1755 1546 1818 proelin
1558 1755 1656 1817 quidem
1667 1755 1776 1818 superati

160 1842 254 1927 ῥᾳδίως
269 1851 334 1923 σφᾶς
353 1840 406 1899 οὐδ’
426 1841 449 1897 εί
467 1841 605 1919 κρατοῑντο
619 1834 694 1915 μάχη
714 1838 943 1914 ἀποτειχισθῆναι,
985 1848 1078 1903 essent,
1090 1842 1184 1905 aditus,
1197 1843 1239 1906 qni
1255 1842 1287 1891 ad
1300 1842 1412 1905 Epipolas
1424 1842 1550 1905 patebant,
1564 1843 1626 1892 tueri
1643 1843 1774 1904 parabant,

159 1933 303 1991 διενοοῦντο
317 1927 364 1995 τδις
377 1925 536 2008 προσὸάσεις
555 1926 641 1981 αὐτῶν
656 1921 806 2003 φυλάσσειν,
822 1919 892 1989 ὅπως
907 1920 943 1999 μή
985 1944 1069 1993 nuper
1082 1931 1127 1979 bns
1140 1929 1203 1979 clam
1216 1942 1243 1979 se
1259 1929 1341 1979 lrostcs
1357 1929 1542 1991 adscenderent3
1561 1931 1627 1980 nulla
1645 1930 1710 1980 enim
1729 1930 1776 1980 alis

159 2015 439 2085 κατάταύταςλάθωσι
450 2022 516 2095 σφᾶς
526 2011 670 2078 ἀναδύντες
679 2012 703 2069 oi
715 2009 845 2088 πολέμιοι·
855 2013 884 2070 οὗ
894 2010 945 2090 γάρ
988 2021 1054 2080 [νοτία
1069 2030 1111 2067 eos
1126 2017 1183 2065 illuc
1198 2016 1343 2066 adscendere
1354 2030 1433 2079 posse.
1467 2016 1500 2078 (2)
1516 2020 1576 2067 Nam
1598 2017 1696 2080 reliquae
1709 2017 1776 2067 ihius

162 2106 195 2166 ἀν
209 2105 278 2183 άλλη
289 2127 319 2182 γε
334 2099 425 2168 αὐτοὺς
440 2102 589 2173 δυνηθῆναι.
632 2101 661 2176 (a)
678 2097 837 2179 Ἐξήρτηται
851 2097 902 2179 γάρ
916 2097 946 2157 τδ
986 2104 1053 2154 collis
1065 2108 1145 2167 partes
1156 2109 1213 2153 sunt
1222 2105 1277 2153 altae
1285 2108 1309 2153 ct
1320 2104 1350 2153 ad
1358 2105 1442 2153 urbem
1451 2117 1526 2166 usque
1537 2103 1643 2154 declives
1655 2110 1679 2154 et
1689 2105 1775 2154 intmr·

162 2193 228 2253 ἀλλο
245 2189 352 2273 χωρίου,
367 2187 412 2248 καί
432 2185 511 2268 μέχρι
525 2191 572 2258 τῆς
585 2186 685 2252 πόλεως
703 2183 831 2252 temese<
849 2186 872 2243 τ’
890 2184 946 2243 leri
988 2204 1030 2241 sus
1045 2191 1142 2240 omnino
1158 2195 1282 2254 patentes,
1298 2195 1323 2240 et
1340 2190 1430 2240 locusa
1443 2192 1598 2253 syracusanis
1610 2191 1663 2240 ideo
1675 2197 1776 2241 vocatus

161 2281 208 2342 καί
219 2276 342 2360 ἐπιφανὲς
359 2285 411 2335 πᾶν
432 2274 503 2334 είσω·
521 2273 567 2333 καί
585 2273 737 2350 ὠνόμασται
753 2270 805 2331 ὑπὸ
820 2276 872 2331 τῶν
891 2274 946 2333 Συ·
988 2285 1026 2329 cst
1037 2278 1235 2342 Epipolae,qund
1252 2291 1324 2341 supra
1335 2285 1413 2327 cetera
1425 2278 1477 2328 loca
1488 2279 1584 2328 eminet.
1618 2281 1773 2342 (ilatunehi

162 2366 291 2452 ρακοσίων
306 2362 349 2424 hh
363 2362 394 2422 τθ
406 2362 533 2432 ἐπιπολῆς
546 2366 591 2419 τοῦ
607 2360 688 2419 ἄλλον
707 2350 773 2418 εἶναι
792 2359 946 2422 Ἐπιπολαί.
989 2366 1086 2430 quidem
1096 2379 1151 2415 eum
1159 2365 1279 2415 universis
1291 2366 1372 2428 populi
1381 2366 1467 2429 copiis,
1479 2367 1580 2416 simulac
1589 2367 1640 2416 dies
1649 2368 1741 2428 illuxit,
1751 2368 1778 2417 in

163 2459 194 2535 (ι)
211 2443 267 2516 Καί
285 2455 309 2512 οί
328 2451 375 2530 μὲν
399 2446 542 2518 ἐξελθόντες
563 2447 696 2525 πανδημεί
721 2449 747 2514 ἐς
765 2446 809 2505 τὸν
831 2449 948 2524 λειμῶνα
994 2453 1165 2517 pratumJnxta
1174 2459 1283 2516 Anapum
1294 2452 1394 2502 nuvium
1403 2454 1491 2515 egressi
1500 2453 1556 2515 (iam
1566 2455 1628 2502 enim
1640 2457 1777 2503 llermocra·

162 2541 236 2624 παρά
250 2539 294 2600 τδν
313 2535 427 2598 Ἄναπον
442 2534 561 2613 ποταμὸν
575 2534 675 2614 άματῇ
689 2532 777 2615 ήμάρσγ
791 2531 949 2613 (ἐτύγχανον
990 2544 1029 2589 tes
1039 2540 1168 2602 imperator
1178 2539 1277 2602 ejusque
1288 2539 1384 2602 collegia
1398 2540 1525 2603 imperium
1542 2541 1697 2604 acceperant)
1710 2555 1777 2592 exer·

162 2631 214 2713 γάρ
234 2630 322 2693 αὐτοῖς
342 2624 388 2685 καί
406 2627 430 2683 oi
455 2623 515 2705 περὶ
533 2623 577 2681 τὸν
598 2620 784 2703 Ἑρμοκράτην
806 2621 949 2701 στρατηγοὶ
991 2629 1066 2681 citum
1083 2627 1251 2688 recensebant,
1263 2631 1287 2676 el
1299 2627 1365 2690 prins
1380 2641 1410 2676 ex
1428 2629 1493 2677 omni
1504 2629 1584 2690 gravis
1595 2632 1723 2677 armatnrm
1736 2642 1779 2677 nu·

165 2718 224 2798 ἄρτι
249 2711 439 2796 παρειληφότες
463 2709 511 2782 τήν
539 2708 638 2790 ἀρχήν)
664 2706 779 2776 ἐξέτασίν
803 2731 832 2766 τε
862 2707 949 2767 ὅπλων
992 2714 1777 2778 merosexcenloselectosexemerunt,quihusprmeratDiomilus,

165 2806 300 2864 όποιοῢντο
313 2799 358 2859 καί
372 2796 520 2867 ἑξακοσίους
533 2796 646 2874 λογάδας
659 2797 710 2853 τῶν
724 2796 837 2854 ὁπλιτῶν
854 2795 949 2876 ἐξίκρι·
994 2800 1100 2851 Andrius
1117 2802 1202 2863 exsul,
1212 2806 1239 2851 ut
1250 2806 1274 2850 et
1288 2801 1395 2863 Epipolis
1404 2806 1485 2852 essent
1494 2802 1618 2864 prasidio,
1628 2807 1652 2851 et
1664 2803 1685 2852 si
1696 2802 1726 2851 ad
1741 2803 1780 2851 ali

164 2913 212 2952 ναν
232 2888 368 2971 πρότερον,
388 2877 423 2946 ῶν
444 2875 510 2966 ήρχε
532 2883 655 2961 Διόμιλος
680 2880 763 2964 φυγάς
783 2880 809 2950 ἐξ
829 2881 950 2964 Ἄνδρου,
992 2888 1051 2952 quid
1063 2888 1128 2939 aliud
1143 2902 1205 2953 opus
1216 2894 1294 2951 esset,
1309 2889 1334 2938 in
1349 2899 1424 2939 unum
1435 2891 1568 2952 congregati
1586 2891 1694 2940 celeriter
1709 2891 1779 2940 ades·

165 2977 236 3046 ὅπως
258 2979 311 3036 τῶν
328 2998 358 3035 τι
378 2974 531 3035 Ἐπιπολῶν
554 2970 645 3043 ιίησαν
666 2969 791 3052 φύλακες,
813 2971 859 3029 καλ
876 2968 908 3042 ἢν
927 2974 952 3039 ἐς
993 2980 1055 3028 sent.

167 3065 232 3126 ἀλλο
243 3088 269 3124 τι
283 3060 344 3142 δίῃ,
355 3059 424 3140 ταχὺ
436 3058 591 3128 ξυνεστῶτις
605 3057 828 3139 παραγίγνωνται.

207 3153 324 3215 xcvll.
345 3151 381 3211 oi
393 3148 420 3208 δὲ
436 3148 564 3220 Ἀθηναῖοι
574 3145 671 3218 ταύτης
684 3149 730 3214 τῆς
741 3145 831 3212 νυκτός
844 3150 877 3226 τῇ
893 3148 952 3205 ἐπι·
1025 3161 1121 3210 xcvii.
1138 3157 1255 3209 Postridie
1266 3163 1346 3208 ahtan
1356 3158 1428 3220 hujus
1439 3159 1515 3209 noctis
1524 3159 1681 3211 Athenienses
1692 3161 1781 3210 exard-

167 3239 308 3321 γιφνορλνη
319 3236 407 3317 ἡμίρσρ
424 3234 590 3306 ἀξητάζοντο,
605 3233 651 3292 καί
665 3231 756 3292 ἔλαθον
772 3231 864 3300 αὐτοὺς
874 3233 953 3292 παντί
996 3251 1048 3296 tum
1064 3246 1213 3306 lustrabant,
1227 3251 1252 3296 et
1275 3246 1338 3296 clam
1352 3246 1399 3296 illis
1413 3247 1462 3308 jam
1479 3260 1534 3295 cnm
1551 3248 1781 3309 universiscopiise

167 3329 219 3402 ἤδη
233 3331 272 3409 τῷ
282 3322 460 3406 στρατεύματι
472 3325 501 3381 ἐκ
513 3327 559 3393 τῆς
573 3320 697 3392 Κατάνης
711 3320 818 3400 σχόντες
829 3320 898 3379 κατὰ
908 3320 953 3379 τὸν
994 3333 1085 3387 (iatam
1096 3333 1193 3397 pmiecti
1204 3333 1236 3384 ad
1244 3334 1323 3383 locum
1334 3334 1430 3384 nomine
1439 3337 1567 3396 Leontem,
1579 3335 1610 3384 ab
1621 3335 1727 3399 Epipolis
1738 3350 1782 3385 sex

168 3415 271 3477 Δίοντα
280 3411 451 3490 καλούμενον,
462 3410 488 3477 θς
498 3408 592 3488 ἀπέχει
600 3412 653 3467 τῶν
664 3409 817 3468 Ἐπιπολῶν
825 3407 876 3480 ἓξή
888 3407 954 3468 ἐπτά
995 3425 1119 3484 septemve
1136 3420 1220 3471 stadiis
1237 3421 1379 3481 distantem,
1393 3422 1551 3484 appulerunt,
1568 3428 1591 3473 et
1610 3423 1743 3486 peditatum
1758 3424 1783 3473 in

170 3501 303 3571 σταδίους,
313 3498 359 3558 καὶ
370 3497 429 3564 τοὺς
438 3494 531 3565 πεζοὺς
542 3494 769 3570 ἀπούιύάσαντες,
779 3499 837 3562 ταῖς
850 3518 879 3553 τε
892 3520 955 3555 ναυ-
1003 3515 1088 3559 terram
1098 3513 1261 3571 exposuerunt
1270 3513 1293 3558 et
1302 3522 1358 3557 cnm
1369 3509 1446 3558 classe
1458 3510 1581 3573 Thapsum
1593 3511 1734 3571 subierunt;
1744 3516 1782 3560 cst

170 3589 210 3647 σλν
224 3590 250 3654 ίς
265 3586 313 3656 τήν
327 3585 421 3664 Θάψον
440 3581 671 3663 καθορμισάμινοι·
688 3581 744 3640 ἔστι
758 3581 785 3639 δὲ
798 3582 956 3662 χερσόνησος
997 3600 1078 3646 antem
1087 3597 1223 3660 peninsula,
1235 3609 1291 3659 qum
1300 3600 1404 3658 angusto
1414 3601 1484 3646 terrae
1495 3598 1571 3647 limite
1584 3598 1608 3646 in
1618 3611 1684 3647 mare
1695 3598 1782 3661 promi·

172 3675 219 3755 ptis
233 3679 260 3734 ἀν
274 3675 357 3753 στενῷ
369 3675 455 3751 ἰσθμῷ
473 3667 627 3750 προύχουσα
641 3671 667 3735 ἐς
683 3667 714 3726 τό
727 3667 853 3748 πέλαγος,
865 3674 913 3741 τῆς
928 3672 956 3729 δὲ
998 3689 1051 3744 net,
1063 3697 1141 3746 neque
1152 3683 1212 3733 mari
1229 3696 1307 3746 neque
1319 3687 1380 3733 terra
1398 3683 1501 3733 mullum
1518 3685 1668 3746 asyracusis
1680 3685 1780 3734 distans.

171 3759 342 3843 Συρακοσίων
354 3756 455 3824 πόλεως
469 3757 528 3815 οὔτε
539 3757 621 3814 πλοῦν
636 3755 696 3813 οὔτε
707 3756 766 3815 θδδν
777 3755 878 3827 πολλήν
891 3757 955 3817 ἀπό·
999 3772 1031 3833 (a)
1042 3775 1073 3821 Et
1084 3772 1196 3820 nauticus
1205 3771 1303 3834 quidem
1317 3771 1496 3821 Atheniensium
1510 3773 1630 3822 exercitus
1639 3773 1663 3821 in
1672 3773 1781 3835 Thapso,

169 3873 222 3930 χιι.
264 3847 298 3925 (ι)
314 3846 369 3906 Καὶ
383 3849 397 3902 θ
412 3843 460 3922 μὲν
480 3843 601 3909 ναυτικὸς
615 3842 725 3923 στρατδς
742 3847 794 3901 τῶν
816 3844 957 3916 Ἀθηναίων
999 3864 1101 3919 augusto
1112 3857 1165 3919 ejus
1179 3863 1249 3907 terras
1261 3858 1336 3908 limite
1347 3858 1540 3919 circumvallato,
1553 3859 1705 3921 quiescebat,
1718 3860 1782 3923 pedi·

173 3939 199 3995 ἕν
214 3938 247 4013 τῇ
261 3932 349 4013 Θάψῳ
367 3929 630 4009 διασταυρωσάμενος
647 3929 690 3987 τὸν
710 3930 801 4008 ἰσθμὸν
815 3930 955 4009 ἡσύχαζεν·
999 3948 1064 3994 thius
1074 3958 1131 3994 vero
1145 3958 1217 3994 cursu
1229 3946 1354 3995 confestim
1368 3945 1399 3994 ad
1413 3946 1526 4010 Epipolas
1535 3946 1693 3996 contendebat
1707 3952 1730 3996 ct
1742 3961 1783 4011 per

172 4027 186 4082 θ
206 4020 233 4081 δὲ
253 4019 330 4088 πεζός
347 4016 441 4098 ἐχώρει
459 4015 532 4082 εὐθὺς
546 4016 634 4097 δρόμῳ
647 4017 711 4097 πρὸς
731 4017 777 4084 τὰς
796 4019 956 4092 Ἐπιπολάς,
1000 4034 1130 4094 Euryalum
1142 4033 1209 4082 ocius
1223 4032 1359 4094 adscendit,
1371 4034 1510 4097 priusquam
1525 4034 1665 4095 syracusani
1679 4039 1783 4096 epralo,

172 4109 218 4168 καί
233 4107 323 4189 φθάνει
336 4103 439 4171 ἀναύάς
449 4101 519 4162 κατά
529 4103 573 4162 τὸν
586 4105 719 4184 Εὐρύηλον
730 4106 791 4185 πρὶν
801 4106 859 4174 τοὺς
869 4110 958 4189 Συρα-
1000 4118 1042 4168 ubi
1058 4121 1166 4169 recensio
1180 4119 1264 4182 tiebat,
1278 4135 1303 4170 re
1316 4121 1410 4183 cognita
1424 4120 1543 4171 adessent.
1578 4121 1611 4183 (³)
1623 4121 1785 4171 Accurrebant

173 4195 277 4261 κσσίους
285 4191 452 4269 αἰσθομένους
464 4193 494 4249 ἐκ
506 4197 551 4250 τοῦ
565 4193 691 4268 λειμῶνος
704 4193 750 4251 καί
759 4196 806 4264 τῆς
818 4192 958 4263 ἐξετάσεως
1001 4211 1081 4256 autem
1098 4206 1129 4255 ad
1144 4221 1214 4269 opem
1234 4209 1340 4271 Epipolis
1357 4208 1479 4258 terendam
1500 4221 1575 4270 quum
1594 4209 1680 4268 neten,
1695 4213 1784 4271 quanta

174 4279 377 4362 παραγενέσθαι.
421 4281 452 4356 (a)
468 4276 610 4347 Ἐάοήθσυν
621 4277 648 4336 δὲ
664 4278 725 4337 οίτε
745 4279 835 4352 ἄλλοι,
847 4285 882 4348 ὡς
897 4282 959 4341 ἕκα·
1002 4295 1106 4343 maxima
1116 4295 1218 4357 quisque
1228 4295 1348 4346 celeritate
1358 4300 1464 4359 poterat,
1477 4299 1528 4345 tum
1539 4297 1610 4344 etiam
1619 4296 1652 4344 illi
1662 4297 1784 4354 sescenti,

175 4391 236 4433 στος
249 4367 346 4445 τάχους
363 4357 442 4444 εἶχεν,
458 4364 504 4423 καί
516 4367 540 4422 οἱ
554 4364 613 4445 περί
625 4365 669 4424 τὸν
683 4365 807 4445 Διόμιλον
822 4368 958 4437 ἑξακόσιοι·
1002 4381 1090 4443 quibus
1101 4381 1219 4431 Diomilus
1235 4387 1349 4445 praeerat,
1360 4382 1512 4444 interiacebat
1522 4388 1601 4432 autem
1613 4383 1676 4433 inter
1689 4389 1785 4446 pratum

175 4453 278 4513 στάδιοι
291 4452 319 4511 δὲ
335 4453 397 4533 πρίν
413 4451 557 4530 προσμῖξαι
576 4455 606 4511 ἐκ
623 4459 668 4512 τοῦ
683 4456 809 4532 λειμῶνος
828 4457 959 4536 ἐγίγνοντο
1002 4472 1027 4517 et
1046 4469 1141 4530 locum,
1165 4469 1206 4518 ubi
1223 4481 1279 4518 eum
1297 4470 1367 4520 hoste
1385 4484 1471 4520 manus
1490 4474 1656 4531 consererent,
1680 4472 1786 4534 spatium

176 4540 264 4605 αὐτοῖς
277 4542 324 4597 οὐκ
339 4538 449 4598 ἔλασσον
464 4537 481 4610 ἢ
498 4537 576 4597 πέντε
592 4540 638 4598 καί
652 4539 743 4600 είκοσι.
786 4545 818 4620 (ι)
836 4547 960 4625 Προσπε-
1002 4569 1050 4604 non
1062 4557 1143 4605 minus
1154 4557 1261 4619 quinque
1278 4570 1306 4606 ac
1323 4558 1405 4620 viginti
1422 4557 1562 4608 stadiorum.
1597 4559 1631 4621 (t)
1647 4561 1699 4608 Hoc
1715 4559 1786 4620 igitur

176 4624 264 4692 σόντις
275 4616 319 4684 σύν
329 4627 417 4692 αὐτοῖς
429 4625 538 4707 τοιούτῳ
547 4625 637 4707 τρόπῳ
647 4626 819 4709 ἀτακτότερον
829 4630 874 4689 καί
885 4632 959 4712 μάχη
1002 4643 1075 4692 modo
1085 4645 1229 4706 perturbatis
1239 4644 1287 4693 iere
1295 4645 1421 4694 ordinibus
1432 4645 1574 4708 syracusani
1586 4645 1744 4708 impressione
1762 4646 1786 4695 in

176 4713 322 4784 νικηθέντες
334 4715 358 4770 οἱ
378 4712 537 4792 Συρακόσιοι
553 4712 596 4770 ἀπὶ
610 4721 668 4780 ταῖς
683 4714 842 4784 Ἐπιπολαῖς
860 4719 960 4798 ἀνεχώ-
1003 4743 1045 4780 eos
1056 4730 1118 4779 iacta
1129 4730 1160 4778 ad
1174 4731 1286 4794 Epipolas
1299 4733 1383 4795 prmlio
1394 4733 1453 4781 victi
1467 4737 1524 4781 sunt
1540 4736 1563 4780 et
1575 4732 1599 4780 in
1612 4732 1696 4782 urbem
1712 4732 1786 4783 redie-

178 4823 262 4882 ρησαν
277 4802 302 4867 ἒς
315 4798 362 4870 τήν
376 4798 460 4858 πόλιν·
472 4799 518 4858 καλ
534 4800 591 4858 ὅτε
605 4799 728 4878 Διόμιλος
743 4804 902 4876 ἀποθνήσκει
915 4806 961 4865 καί
1003 4821 1182 4879 runt3etquum
1189 4817 1314 4880 Diomilus,
1323 4819 1452 4868 tumeliam
1459 4832 1487 4868 ex
1493 4818 1578 4868 ceteris
1586 4818 1680 4868 maniter
1686 4820 1787 4869 trecenti

177 4891 229 4946 τῶν
241 4885 327 4944 ἀλλων
335 4890 370 4954 ὡς
380 4885 534 4968 τριακόσιοι.
579 4889 609 4965 (s)
621 4887 675 4948 liei
688 4888 755 4966 μετὰ
765 4897 841 4950 τοῦτο
851 4894 874 4950 οἱ
887 4893 961 4964 Ἀθη-
1004 4903 1150 4954 ceciderunt.
1185 4904 1219 4966 (5)
1228 4911 1306 4969 Atque
1317 4909 1373 4968 post
1382 4905 1434 4955 hacc
1450 4905 1606 4954 Athenienses
1616 4918 1691 4967 quum
1700 4910 1726 4956 et
1742 4911 1788 4954 tro

178 4975 246 5032 ναῖοι
258 4972 380 5052 τροπαῖόν
390 4998 418 5033 τε
431 4973 574 5045 στήσαντες
584 4974 630 5033 καί
641 4974 700 5042 τοὺς
713 4976 817 5057 νεκρούς
829 4978 961 5038 ὑποσπόν-
1003 5003 1082 5053 paenm
1090 4991 1787 5055 erexissentcttidepubhcalntcrpositasyracnsanismor·

180 5061 238 5126 δούς
248 5059 386 5130 ἀποδόντες
396 5066 449 5130 τοῖς
459 5061 644 5143 Συρακοσίοις,
655 5062 719 5143 πρὸς
730 5062 778 5136 τὴν
791 5064 866 5126 πόλιν
878 5064 960 5139 αὐτήν
1005 5082 1059 5129 tuos
1068 5077 1243 5142 reddidissent,
1255 5078 1368 5143 postridie
1378 5079 1408 5129 ad
1418 5079 1494 5143 ipsam
1504 5078 1588 5129 urbem
1600 5078 1788 5140 descenderunt,
