3676 5828
666 326 835 388 SCHOLIA.
854 326 907 400 lv,
921 334 1047 386 62-64.
1663 334 1696 382 81

108 455 150 529 δέ,
161 453 235 514 αὐτοὶ
249 454 278 513 τὸ
292 456 392 514 δίκαιον
404 457 504 533 μᾶλλον
514 461 561 528 τῆς
574 455 698 529 ξυνθήκης
708 454 883 538 παρέσχοντο,
927 454 986 514 ὅσον
1001 457 1048 514 οὐκ
1061 453 1203 532 ἠμύναντο]
1217 453 1297 533 ἤγουν
1311 454 1340 513 οὐ
1355 450 1432 530 μόνον
1447 453 1495 510 οὐκ
1507 450 1649 528 ἠμύναντο.
1662 486 1702 497 -

108 543 165 602 ἀντὶ
182 550 243 621 τοῦ,
260 543 451 623 προθυμότερον
472 544 540 626 ἤπερ
558 547 637 624 έχρῆν
649 544 718 603 κατά
729 542 884 623 συμμαχίαν
927 542 1161 623 Προςκαταλιπεῖν]
1174 544 1410 622 προςίημιωθῆναι.
1428 573 1468 584 -·-
1479 558 1501 599 ι.
1514 538 1637 619 Τιμωρία
1650 539 1701 619 γὰρ

106 631 260 703 ἐῦοήθησαν.
279 666 319 676 -
340 630 508 712 Παρεστάναι
529 631 568 711 δέ]
587 631 662 700 δόξαν
680 632 844 713 ἐπέρχεσθαι.
867 633 884 708 §
925 631 971 687 οὐκ
984 632 1089 708 εὐτυχεῖ
1101 626 1207 694 δικαίως
1219 634 1260 698 ...]
1273 630 1338 707 οὐχ,
1352 629 1391 685 ότι
1404 627 1703 706 ἀδινεῖται,εὐτυχεῖδι·

107 720 159 777 ἀπὸ
170 725 256 778 κοινοῦ
270 717 300 777 τύ
315 717 378 799 χρή.
392 754 433 765 -
445 723 487 799 Τῇ
501 719 565 778 Ἰάδι
579 718 723 801 ξυγγενείορ]
737 724 772 786 ὡς
786 716 884 801 ἀναφέ-
925 714 1013 781 καίως·
1033 719 1063 775 οὐ
1079 715 1145 795 γάρ,
1164 715 1254 785 ἐπειδή
1269 718 1283 772 ὁ
1300 713 1493 795 τιμωρούμενος
1507 711 1701 795 προηδίκηται,

79 826 91 863 ιι
108 830 150 888 ρον
175 805 293 878 δηλονότι
312 805 342 864 τδ
360 804 432 883 γένος
443 809 479 873 εἷς
491 805 551 873 τοῦς
563 803 666 873 Ἴωνας.
686 841 728 851 -
745 802 883 887 Ἀσφοιλές]
925 803 969 860 διὰ
979 809 1054 862 τοῦτο
1069 801 1175 871 ἐπεξιών
1189 801 1335 882 εὐτυχήσει.
1351 802 1449 861 δίκαιον
1464 799 1511 879 μέν
1524 799 1574 882 γδιρ
1584 799 1629 858 τὸν
1643 801 1700 860 ὐδι-
1715 825 1729 864 ε

106 898 246 975 εἰρηναῖον,
258 892 415 971 ἐπιτήδειον,
428 892 570 955 ἀκίνδυνον.
582 928 622 939 -
635 913 656 954 ο.
671 894 742 973 Δίχα
756 891 881 974 πέφυκεν]
925 888 1036 960 κηθέντα
1050 893 1194 970 εὐτυχῆσαι
1212 887 1281 947 κατά
1295 887 1342 958 τῆν
1358 887 1486 969 είςπραξιν
1499 893 1546 959 τῆς
1560 887 1702 967 τιμωρίας,

106 986 123 1053 ἤ
138 982 246 1042 Σικελία
261 981 387 1053 δηλονότι.
403 1016 443 1026 -
456 980 592 1060 Ἐπίασιν]
604 981 781 1052 οί·Ἀθηναῖοι.
797 1014 838 1026 -
850 977 882 1039 ‘A
924 978 953 1035 οὐ
965 975 1017 1053 μῆν
1029 972 1073 1036 καί
1086 976 1228 1036 ἀπούαῑνον
1241 974 1330 1042 οὕτως.
1343 975 1400 1035 οὐδὲ
1411 981 1425 1038 ὁ
1436 975 1555 1057 ἰσχυρὸς,
1569 975 1646 1057 φησί,
1660 973 1704 1034 διά

105 1073 177 1149 κοινῆ
190 1068 351 1146 κεκτήμεθα]
360 1068 440 1146 ἤγουν
453 1059 489 1126 ών
499 1068 586 1138 κοινήν
595 1067 745 1144 κεκτήμεθα
754 1066 802 1138 τήν
816 1064 882 1124 ἀπό-
923 1062 954 1122 τδ
968 1063 1079 1134 ἐλπίζειν
1096 1069 1184 1136 ἀκτῆς
1198 1064 1331 1140 δυνάμεως
1345 1063 1495 1144 κρατήσειν,
1512 1062 1555 1122 διδ
1569 1069 1645 1122 τοῦτο
1657 1063 1703 1122 καί

104 1158 207 1217 λαυσιν.
221 1191 262 1202 -
283 1175 303 1214 ι.
319 1155 411 1237 Σφίσι]
431 1163 483 1222 τοῖς
502 1154 651 1227 Ἀθηναίοις.
666 1190 706 1201 -
719 1176 740 1214 ι.
755 1153 882 1235 Προνοεῖ-
923 1151 954 1210 τὸ
967 1152 1072 1232 βέύαιον
1082 1152 1148 1232 έχει.
1163 1152 1252 1214 -Τύ
1262 1151 1289 1210 δὲ
1304 1152 1469 1228 ἀστάθμητον
1485 1151 1570 1230 ...]τύ
1583 1151 1611 1210 δέ
1624 1151 1704 1210 ἀστα-

66 1257 91 1297 ιο
106 1246 177 1322 σθαι]
190 1244 247 1302 ἀντὶ
265 1249 309 1301 τοῦ
324 1245 542 1322 προσκέπτεσθαι.
555 1277 595 1288 -
608 1241 811 1322 Ἑτοιμοτέροις]
824 1240 882 1300 ἀντί
924 1263 968 1299 τον
985 1245 1032 1313 τῆς
1046 1240 1127 1321 τύχης
1141 1242 1186 1300 καί
1197 1240 1227 1300 τδ
1240 1240 1337 1311 ἄδηλον
1351 1244 1386 1307 ὡς
1397 1241 1592 1299 έπιτοπλεῖστον
1603 1239 1703 1322 πέφυκε
1719 1268 1742 1309 ις

104 1338 150 1390 τοῦ
164 1330 283 1408 ίτοίμοις.
299 1366 339 1375 -
357 1329 475 1411 Πέφυκε]
496 1329 572 1412 φύσιν
593 1329 656 1410 ἔχει.
674 1365 714 1377 -
735 1333 761 1390 Τ
762 1329 776 1388 ὸ
797 1327 881 1407 ἐπιόν]
924 1331 1037 1407 κρατεῖν.
1054 1327 1109 1386 ἐστι
1120 1327 1171 1409 γάρ
1182 1327 1309 1394 πολλάκις
1320 1331 1425 1398 νικῆσαι
1437 1327 1483 1386 καί
1498 1326 1551 1385 ἀπδ
1563 1325 1629 1395 ἰδίας
1642 1330 1703 1407 ἀρε·

103 1419 182 1497 ἤγουν
192 1419 222 1477 τὸ
234 1422 359 1498 κρεῖττον.
369 1438 438 1477 -σ.
450 1414 531 1479 Ὅσοι
540 1416 568 1476 δὲ
576 1417 762 1496 γιγνώσκοντες
772 1416 881 1495 αὐτὰ...]
923 1419 983 1489 τῆς,
994 1415 1068 1482 ἐκτδς
1082 1415 1172 1495 τύχης.
1185 1451 1226 1463 -
1235 1417 1344 1496 Κρατεῖ]
1356 1413 1405 1488 τῆν
1420 1414 1496 1495 ίσχῦν
1509 1414 1572 1495 έχει.
1581 1450 1622 1461 -
1635 1418 1704 1497 Προ

103 1504 177 1581 όσοι,
197 1506 285 1586 φησίν,
303 1503 489 1582 γιγνώσκοντες
505 1503 580 1579 αὐτὸ,
595 1505 636 1564 ότι
649 1504 763 1586 πέφυκεν
778 1504 881 1585 ἀνθρω·
924 1503 1029 1582 μηθείερ]
1041 1502 1200 1585 προγνώσει,
1215 1504 1313 1585 σκέψει.

102 1615 150 1659 πος
161 1591 204 1650 διά
215 1592 310 1658 παντὸς
325 1591 415 1671 ἀρχειν
427 1591 473 1670 μέν
485 1591 581 1651 ἐθέλειν
592 1598 638 1651 τοῦ
649 1591 777 1669 είκοντος,
787 1591 883 1672 φυλάτ·
963 1593 1064 1651 Lxlll.
1075 1591 1130 1651 Καὶ
1139 1596 1184 1650 νῦν
1193 1597 1238 1650 τοῦ
1248 1594 1360 1673 ἀφανοῦς
1369 1614 1397 1650 τε
1407 1590 1499 1650 τούτου
1512 1592 1578 1670 ..]ν]
1592 1589 1702 1650 διάνοια·

64 1704 89 1742 ιε
103 1686 192 1739 τεσθαι
206 1679 233 1738 δέ
246 1679 276 1739 τδ
288 1679 369 1752 ἐπιδν,
383 1678 420 1757 μῆ
434 1683 515 1761 θρθῶς
526 1687 698 1762 προνοοῦμεν,
711 1679 756 1739 καί
770 1702 882 1761 προσκο-
922 1676 968 1736 καί
982 1683 1025 1736 νῦν
1038 1682 1085 1749 τῆς
1098 1679 1147 1756 μέν
1160 1679 1224 1759 πρδς
1237 1678 1365 1749 ἀλλήλους
1377 1680 1501 1760 διαφορᾶς
1514 1677 1701 1755 ἐπιλαθώμεθα
1719 1703 1743 1741 ιε

102 1774 211 1846 ποῦμεν,
222 1767 416 1848 ἁμαρτάνομεν.
426 1767 661 1849 -Πρεσύύτατον
672 1768 731 1840 ἤκει
740 1766 840 1849 κρίνας]
851 1765 882 1826 τύ
923 1765 956 1824 δι’
972 1765 1121 1848 ἀμφότερα,
1140 1766 1183 1826 διά
1198 1790 1226 1825 τε
1243 1766 1343 1839 δηλαδή
1358 1766 1388 1825 τὸ
1405 1767 1501 1838 ἄδηλον
1515 1766 1665 1846 τυγχάνειν,
1680 1769 1704 1826 εί

103 1855 176 1928 ἑξῆς,
195 1855 375 1935 πρεσύύτατον
389 1847 418 1914 εὐ
437 1855 534 1916 θέσθαι.
554 1854 700 1934 τουτέστιν,
720 1859 748 1916 ἐν
769 1853 882 1936 πρώτοις
921 1852 1065 1930 πεισάμεθαί
1083 1877 1110 1911 τι
1125 1854 1169 1912 ὐπ’
1181 1851 1313 1926 ἀλλήλων,
1327 1853 1373 1912 καί
1387 1852 1430 1912 διὰ
1442 1852 1473 1912 τδ
1486 1853 1545 1922 τούς
1556 1854 1704 1927 Ἀθηναίους

102 1948 178 2001 τοῦτο
192 1942 355 2023 φυλάξασθαι
369 1942 415 2000 καί
428 1933 457 2000 εὐ
469 1940 612 2003 διαθέσθαι.
626 1941 745 2001 τουτέστι
757 1941 806 2015 τὴν
818 1939 880 2001 δού-
921 1939 973 2013 ἤδη
988 1940 1112 2023 φοὸερούς
1127 1945 1192 2019 ἡμῖν
1211 1932 1278 2000 εἶναι
1293 1940 1440 2022 παρόντας,
1455 1941 1536 2002 ίκανά
1549 1942 1703 2020 νομίσαντες

102 2030 274 2091 λωσιν.-Τ
274 2030 288 2089 ὸ
295 2034 385 2096 κοινῶς
395 2028 505 2110 φούερδν
513 2028 630 2098 ἅπαντας
641 2021 671 2089 εὐ
678 2029 779 2109 θέσθαι]
790 2032 881 2097 κοινῶς
922 2027 994 2087 αίτια
1017 2033 1064 2101 τῆς
1078 2032 1231 2109 ἀποτροπῆς
1250 2035 1344 2090 ταῦτα.
1360 2064 1402 2075 -
1420 2028 1476 2089 Καί
1490 2029 1520 2088 τδ
1534 2029 1639 2098 ἐλλιπὲς
1653 2034 1703 2103 τῆς

60 2137 89 2177 20
103 2117 210 2197 φούερύν
221 2123 237 2189 ἤ
249 2116 397 2188 δούλωσιςὴ
410 2115 484 2198 παρὰ
495 2121 547 2175 τῶν
557 2117 698 2189 Ἀθηναίων
710 2117 880 2179 έπιύουλευο-
921 2113 1038 2194 Ῥώμης]
1052 2117 1197 2189 καὶτοῦτο,
1209 2116 1297 2199 φησὶν,
1313 2114 1511 2193 ἐνθυμηθέντες,
1525 2114 1595 2175 ότιθ
1609 2139 1700 2197 προςε·
1717 2136 1743 2177 σε

102 2204 167 2282 μένη
181 2214 261 2263 πᾶσιν
276 2205 379 2283 ὁμοίως.
396 2209 431 2272 ὡς
442 2206 488 2265 καί
502 2205 678 2287 Ἱπποκράτης
693 2215 842 2280 [Αρίιοείιω.
856 2222 880 2266 2.
922 2203 1071 2281 δοκήσαμεν
1086 2205 1185 2285 πρᾶξαι
1197 2205 1324 2283 (τουτέστι
1337 2209 1467 2285 κρατῆσαι
1483 2201 1553 2262 κατά
1566 2203 1610 2262 τὸν
1624 2202 1702 2264 πόλε-

101 2301 150 2364 ιο]
166 2322 178 2346 ι
190 2292 243 2354 Δύο
254 2293 339 2352 πόνων
356 2293 412 2371 ἅμα
425 2292 567 2372 γινομένων
581 2298 596 2353 δ
610 2294 779 2377 σφοδρότερος
789 2297 880 2372 ἀμαυ·
922 2292 981 2368 μον]
997 2292 1109 2358 ἐλλιπῶς
1123 2289 1239 2370 ἐγένετο,
1253 2292 1299 2352 καὶ
1313 2295 1342 2350 οὐ
1355 2291 1424 2351 κατὰ
1438 2289 1485 2357 τάς
1496 2290 1626 2372 ἡμετέρας
1637 2290 1704 2369 γνώ·

102 2379 197 2461 ροῖτδν
209 2380 329 2461 ἕτερον.»
345 2420 381 2429 -
392 2402 416 2441 7.
430 2381 552 2461 Τάχιστα
567 2382 589 2439 δ’
603 2380 636 2440 ἀν
646 2381 789 2460 ἀπαλλαγή
803 2390 843 2454 ...]
857 2384 880 2440 εί
922 2400 974 2455 μσς
991 2377 1087 2450 ἀπέῦη·
1100 2384 1186 2438 ταῦτα
1204 2371 1249 2438 οὐν
1264 2378 1345 2451 αὐτά,
1365 2378 1402 2457 μή
1419 2377 1489 2438 κατά
1508 2377 1556 2451 τήν
1570 2378 1703 2461 ἡμετέραν

101 2467 166 2547 πρδς
179 2466 306 2538 ἀλλήλους
317 2467 525 2547 είρηνεύσαιμεν,
536 2467 650 2547 τάχιστα
663 2467 695 2527 ἂν
709 2472 788 2539 ἤτῶν
802 2469 880 2542 Ἀθη-
920 2461 1028 2542 γνιύμην
1041 2464 1182 2543 γενόμενα,
1196 2465 1275 2524 ίκανδ
1286 2463 1431 2544 κωλύματα
1444 2469 1520 2542 ήμῶν
1530 2466 1576 2525 καί
1586 2466 1701 2543 ἐμπόδια

59 2565 89 2604 2ο
102 2554 181 2613 ναίων
198 2553 324 2625 ἐπιύσυλῆ
342 2553 482 2635 ἀδεεστέρα
501 2553 584 2614 ἔσται.
599 2555 645 2614 καί
658 2554 706 2627 τήν
721 2554 806 2615 αἰτίαν
819 2557 877 2614 ἐπι·
920 2556 1074 2629 γεγενῆσθαι
1085 2552 1243 2631 νομίσωμεν,
1253 2554 1299 2612 καί
1308 2551 1406 2620 τούτοις
1419 2552 1561 2634 εἰρχθέντες
1573 2556 1609 2621 είς
1622 2552 1652 2612 τὸ
1661 2553 1699 2632 μῆ
1717 2577 1743 2616 ει

102 2641 880 2724 φέρει,διότιοὐχ]ἀπδτῆςῖδίαςγῆςδρμῶνταιπρδςῆμᾶς,
920 2639 1051 2718 προύῆναι
1073 2644 1137 2718 ἡμῖν
1159 2639 1194 2699 τά
1215 2639 1361 2719 πράγματα
1382 2644 1416 2708 ύις
1438 2641 1619 2720 ἤύουλόμεθα,
1644 2641 1703 2710 τούς

104 2732 144 2805 (οὐ
155 2730 205 2810 γάρ
217 2733 281 2789 εἰσιν
294 2729 492 2810 ἀστυγείτονες]
512 2732 568 2789 ἀλλ’
584 2735 614 2791 ἐκ
629 2735 675 2803 τῆς
690 2734 742 2790 τῶν
757 2733 881 2791 ἐπικαλε-
919 2727 1094 2806 ἐπικειμένους
1107 2733 1171 2805 ἡμῖν
1182 2728 1322 2806 πσλιμίονς
1338 2728 1487 2808 ἀπράκτους
1502 2729 1702 2811 ἆπσπῑμψιθμι·

102 2815 232 2894 εαμένων.
243 2816 289 2875 καί
301 2820 323 2875 εί
333 2823 409 2876 τοῦτο
416 2816 559 2894 ποιήσομεν
569 2816 757 2891 οθτως,οὐκέτι
766 2818 880 2897 πόλεμος
921 2817 962 2872 θα.
976 2849 1016 2860 -
1027 2834 1048 2875 ²·
1063 2814 1104 2875 Τύ
1117 2813 1221 2893 ξύμπαν
1234 2839 1263 2875 τι
1280 2815 1311 2888 δὴ
1326 2816 1441 2894 γνῶμεν]
1455 2815 1485 2875 τύ
1499 2816 1605 2876 σύνολον
1620 2816 1648 2877 δέ
1662 2820 1701 2877 εί·

100 2904 215 2982 πόλεμον
229 2903 388 2976 διαδέξεται,
403 2905 460 2962 ἀλλ’
473 2905 562 2986 εἰρήνη
574 2904 621 2976 τήν
635 2905 770 2988 διαφοράν.
785 2907 880 2966 σκόπει
921 2899 1212 2984 δένσι,φησλ,χρῆότι,
1224 2902 1427 2980 πεισθέντεςμὲν
1437 2904 1509 2981 ίμολ,
1518 2904 1565 2972 τίιτ
1575 2905 1703 2988 πατρίδας

59 3014 89 3053 σο
103 2991 131 3051 δέ
144 2996 200 3059 πῶς
210 2992 253 3051 τδν
267 2991 381 3068 πόλεμον
394 2991 518 3072 εὐφήμως
534 2991 659 3074 διαφοράν
674 2996 759 3054 καλεῖ.
770 3029 811 3040 -
824 2997 881 3054 Αὐ-
920 2988 1054 3068 ίλινθίρσς
1074 2988 1223 3068 οἰκήσομεν,
1240 2992 1284 3074 ἀφ’
1298 2983 1335 3050 ῶν
1345 2991 1507 3072 ὁρμώμενοι,
1524 2993 1570 3052 καὶ
1583 2992 1617 3053 τδι
1631 2995 1698 3068 ίίῆς.
1715 3013 1742 3053 συ

101 3084 156 3150 τοῦ]
170 3083 214 3137 τοῦ
235 3081 326 3145 κοινῶς
341 3077 450 3161 φούεροῦ
467 3079 579 3152 δηλαδή.
592 3112 626 3121 -
645 3083 706 3141 Τῶν
720 3083 880 3141 ἐπικαλεσα-
920 3110 960 3122 -
972 3076 1159 3146 Πύλινέίοντες
1170 3077 1287 3151 ἕκαστος]
1299 3077 1347 3151 τῆν
1358 3078 1484 3140 ίδίαν.-
1495 3080 1700 3163 Αὐτοκράτορος]

102 3165 199 3244 μένων]
212 3167 290 3245 ἤγουν
304 3170 356 3226 τῶν
363 3166 529 3229 Χαλκιδέων.
544 3201 584 3214 -
593 3188 617 3229 ε.
629 3166 731 3242 Οὐτως]
745 3168 835 3242 οθτως,
844 3172 881 3238 ώς
921 3163 1047 3224 δεσπόται
1057 3170 1104 3237 τῆς
1113 3169 1212 3227 έαυτῶν
1223 3165 1332 3234 πόλεως.
1342 3201 1382 3213 -·-
1391 3166 1581 3245 Ἀμννσύμιθσ]
1595 3169 1702 3250 τδάμυ-

101 3243 182 3323 εἶπεν,
197 3252 279 3331 [ἤτοι]
294 3255 317 3312 εί
334 3252 399 3335 πρὸς
416 3253 544 3323 ἀλλήλους
562 3253 735 3333 ξυμύαίημεν.
751 3290 791 3302 -
804 3255 842 3317 Οί
855 3257 879 3316 τ’
919 3252 1032 3327 νούμεθα
1042 3252 1086 3311 ἐπὶ
1099 3256 1192 3316 καλοῦ.
1206 3257 1317 3314 ἐνταῦθα
1330 3254 1381 3336 γάρ
1391 3254 1496 3314 ἐπὶτῶν
1507 3255 1553 3316 δύο
1562 3262 1701 3335 σημασιῶν

102 3338 248 3418 ἐπίκλητοι]
261 3342 285 3398 υί
300 3339 429 3412 Ἀθηναῖοι
443 3340 570 3411 δηλονότι.
584 3377 625 3388 -
636 3345 782 3423 Εὐπρεπῶς
794 3343 880 3404 ἄδικοι
920 3336 1014 3398 ἐλαύεν
1026 3339 1102 3415 αὐτὸ,
1116 3341 1161 3400 καί
1175 3344 1219 3403 ίπί
1233 3345 1315 3403 καλοῦ
1335 3343 1381 3404 καί
1399 3343 1443 3402 ἐπί
1463 3350 1554 3405 κακοῦ.
1568 3381 1609 3392 -
1628 3346 1702 3408 Ἀπι-

58 3440 88 3482 σο
102 3425 228 3505 ἐλθόντες]
234 3428 258 3485 οἱ
268 3426 395 3499 Ἀθηναῖοι
407 3426 474 3505 μετὰ
483 3429 636 3510 προφάσεως
646 3431 787 3511 εὐπρεποῦς
796 3432 880 3491 ἐλθόν·
920 3425 1073 3506 σνῆσσνιις]
1083 3437 1137 3496 τοῖς
1147 3430 1219 3507 ίμσῖς
1231 3430 1316 3510 λόγοις
1330 3430 1458 3503 δηλονότι.
1470 3464 1511 3481 -·
1524 3435 1565 3492 Οὐ
1577 3434 1638 3514 περ]
1651 3441 1698 3495 τοῦ
1714 3455 1740 3497 σι

100 3537 157 3591 τες,
170 3517 205 3581 ὡς
218 3515 294 3585 δῆθεν
306 3520 505 3594 συμμαχοῦντες
518 3525 571 3584 τοῖς
582 3517 672 3577 ἐνθάδε
690 3519 877 3598 Χαλκιδεῦσιν,
919 3514 1120 3596 τιμωρήσασθαί
1130 3519 1201 3597 τινα]
1211 3517 1295 3577 λείπει
1304 3518 1348 3591 τδ,
1358 3522 1372 3578 ὁ
1382 3518 1523 3597 ἀγὼνῆμῖν
1533 3520 1622 3594 ἔσται,
1631 3522 1701 3584 ἀλλά

102 3599 212 3679 εὐλόγως
227 3600 357 3681 άπρακτοι
372 3600 574 3679 ἀπελεύσονται,
586 3604 778 3685 διαλλαγέντων
791 3611 877 3686 ἡμῶν.
919 3602 1037 3684 περὶτοῦ
1055 3605 1226 3676 δουλωθῆναι.
1240 3611 1317 3667 τοῦτο
1330 3604 1382 3688 γάρ
1396 3610 1494 3679 ἤθικῶς
1508 3609 1699 3674 ἀποκέκοπται.

100 3723 140 3734 -
152 3686 261 3767 Ἄδικοι]
275 3697 477 3761 (Ηοιιι.11.ι,ο3)
492 3713 498 3746 :
919 3725 960 3736 -
974 3694 1008 3751 Et
1021 3689 1154 3771 τύχοιμεν]
1168 3693 1221 3753 ἀπδ
1233 3699 1319 3754 κοινοῦ
1331 3693 1362 3753 τδ
1373 3695 1574 3776 τιμωρήσασθαί
1584 3722 1651 3757 τινα.
1660 3734 1701 3750 «-

161 3828 427 3893 ἰνοιτωαιιιμωτω
441 3829 544 3887 αιτιοι
555 3831 618 3880 ιαμ
629 3831 725 3889 curvo<-
919 3778 1137 3926 ἐξέλξω]
1157 3788 1211 3848 ‘⁰²‘
1223 3780 1373 3853 Ἀθηναίοις·
1391 3817 1432 3830 ““
1450 3776 1499 3851 Οἷς
1519 3787 1548 3843 ⁰⁶
1565 3785 1630 3868 ἀέλ]
1648 3796 1701 3856 '⁰³‘

1034 3891 1099 3934 ταις.
1712 3898 1739 3939 ιο

57 3954 87 3993 ⁴⁰
99 3985 139 3995 —
154 3949 286 4030 Εὐλόγως]
301 3951 412 4030 εὐλόγοις
423 3951 487 4033 φησί
501 3952 544 4012 διά
556 3952 587 4013 τὸ
597 3952 735 4031 ίυμύῆναι.
960 3956 1061 4017 LXIV.
1071 3956 1154 4016 Πόλιν
1163 3979 1192 4016 τε
1204 3956 1330 4034 μεγίστην
1341 3957 1531 4037 παρεχόμενος]
1542 3960 1599 4019 ἀντὶ
1610 3965 1656 4024 τοῦ
1669 3965 1699 4031 ἐκ

140 4039 231 4100 Lxll.
249 4059 271 4099 ε.
288 4038 342 4099 Καί
360 4039 385 4098 εί
403 4063 442 4107 τις
463 4039 574 4119 βεύαίως
586 4043 628 4119 ...]
644 4048 661 4114 ἤ
682 4044 791 4103 διάνοια·
806 4043 831 4102 εί
840 4068 879 4113 τις
919 4040 1044 4119 μεγίστης
1052 4041 1153 4110 πόλεως
1162 4043 1321 4123 ὁρμώμενος.
1331 4080 1372 4092 -
1383 4045 1439 4105 Καὶ
1448 4045 1528 4105 ἐπιών
1539 4069 1577 4127 τφι
1586 4050 1697 4125 μᾶλλον]

101 4124 213 4204 βεύαίως
226 4150 252 4185 τι
262 4126 308 4185 καί
319 4126 405 4207 πάντη
420 4126 524 4194 πάντως
532 4127 614 4187 οίεται
624 4129 740 4209 πράξειν,
754 4131 800 4190 καί
813 4154 877 4211 κρα-
919 4127 965 4191 καλ
977 4128 1117 4207 δυνάμενος
1130 4131 1250 4202 δηλονότι
1261 4131 1335 4213 ἀλλιρ
1349 4131 1460 4193 ἐπιέναι.
1475 4135 1553 4205 δῆλον
1565 4133 1593 4192 δέ
1605 4138 1641 4202 ὡς
1649 4138 1698 4215 οὐχ

98 4212 189 4285 τῆσειν
197 4217 249 4272 τῶν
258 4214 389 4287 ἐναντίων,
398 4214 456 4287 ἤτοι
470 4213 553 4274 διάτδ
564 4215 669 4284 δικαίως
680 4218 766 4285 αὐτοῖς
777 4219 878 4280 ἐπιέναι
919 4216 1009 4283 ἅπλῶς
1022 4216 1082 4297 πσρλ
1102 4221 1195 4277 ίαννοῧ
1218 4219 1296 4296 μόνον
1315 4217 1386 4298 λέγει
1406 4225 1495 4291 τοῦτο,
1515 4218 1585 4278 ἀλλὰ
1605 4225 1697 4290 λιοινῶς

98 4299 250 4377 νομίζειν,ῆ
265 4302 308 4359 διὰ
322 4301 468 4381 τδίσχυρδς
479 4300 577 4362 οίεσθαι
588 4303 735 4384 τυγχάνειν,
751 4304 788 4383 μή
799 4310 878 4387 χαλε·
917 4302 1041 4384 περὶτῆς
1060 4303 1160 4372 πόλεως
1177 4309 1229 4364 τῶν
1251 4304 1447 4386 Συρακουσίων.
1468 4341 1509 4354 -
1529 4306 1630 4372 Ἐπιών
1647 4310 1736 4390 τερ]ιι

57 4394 86 4435 ⁴⁵
99 4386 228 4465 παινέτω,
240 4391 263 4447 εί
273 4388 347 4469 παρὰ
357 4389 405 4461 τήν
415 4389 482 4448 ἰδίαν
494 4389 577 4462 οίησίν
588 4415 617 4450 τε
630 4391 676 4450 καλ
687 4393 783 4453 ἐλπίδα
797 4398 879 4476 σφαλ·
917 4389 1046 4470 Ὄμηρος·

98 4473 205 4550 λόμενος
225 4473 359 4555 ἐλέγχεται
379 4475 424 4534 ὐπ’
442 4479 520 4554 ἐμοῦ,
536 4479 686 4556 ἐνθυμηθείς
708 4478 748 4540 ότι
766 4483 875 4562 πολλοὶ,
1004 4532 1014 4548 .
1114 4533 1124 4550 .

100 4559 206 4627 δικαίως
219 4560 419 4642 τιμωρήσασθαι
429 4561 488 4629 τούς
499 4565 676 4636 ἀδικήσαντας
686 4566 876 4644 διανοηθέντες,
979 4535 1040 4582 &m
1048 4534 1086 4582 σοι
1097 4548 1150 4582 m
1160 4550 1195 4597 τῳ
1206 4532 1277 4596 ω’)

99 4649 130 4706 οὐ
144 4647 221 4724 μόνον
235 4651 281 4707 οὐκ
289 4647 424 4726 ἠμύναντο
436 4649 542 4724 αὐτούς,
557 4651 626 4712 ἀλλά
635 4653 680 4713 καί
692 4655 766 4714 αὐτοί
781 4679 876 4738 προςα-
917 4655 1269 4735 -Προειδομένουςαύτῶν]
1279 4655 1337 4728 ἤτοι
1343 4656 1534 4738 προγνύνεεςτά
1540 4659 1696 4740 πράγματα,

99 4734 230 4808 πώλοντο,
246 4733 291 4794 καί
305 4735 402 4817 ἕτεροι,
420 4737 452 4796 δι’
466 4736 541 4818 ίσχύν
558 4738 710 4807 ἐλπίσαντες
719 4743 877 4816 πλεονεκτήε
917 4743 935 4816 ῆ
948 4749 1114 4825 προνοοῦντες
1128 4748 1235 4817 έαυτῶν,
1250 4744 1294 4805 ίνα
1308 4751 1323 4806 δ
1336 4751 1394 4813 νοῦς
1407 4737 1425 4827 ἤ
1438 4749 1566 4819 τοιοῦτος,
1583 4745 1695 4824 συμύῶ-

56 4831 86 4871 σθ
99 4845 154 4880 σειν
164 4825 216 4879 τῶν
225 4822 320 4895 πέλας,
331 4824 395 4904 πρὸς
407 4829 445 4907 τῷ
455 4825 492 4902 μή
503 4833 576 4905 σχεῖν
587 4825 675 4899 πλέον,
687 4827 733 4886 καί
743 4826 777 4885 τὰ
791 4832 876 4890 αὐτῶν
918 4855 971 4910 μινγ
979 4833 1169 4913 προνοήσαντες
1183 4839 1259 4912 ἡμῶν
1273 4838 1368 4896 αὐτῶν,
1383 4869 1422 4881 -
1435 4832 1513 4906 Μηδὲ
1526 4833 1611 4917 μωρία
1620 4835 1694 4916 ριλο-
1708 4847 1735 4888 ω

98 4908 313 4988 πρσςσπῶλσσιιν.
325 4910 472 4971 διύτσύτινν
481 4911 545 4972 δλιύ
557 4912 594 4991 μὴ
607 4915 659 4972 δεῖν
669 4913 762 4980 αὐτοὺς
771 4916 876 4997 ἔλιγχο·
918 4923 1009 4979 νεικῶν
1028 4925 1197 4996 ἡγεῖσθαι...]
1215 4921 1274 4983 οὐδέ
1289 4922 1352 4993 ἀξιῶ
1368 4921 1410 4983 διά
1429 4922 1530 5004 μωρίαν
1542 4923 1694 5007 φιλονεικῶν

97 4994 190 5071 μὲνινς
204 4997 371 5076 χαλεπαίνειν
388 4998 537 5079 συνάγεται.
551 5035 592 5047 -
606 5000 668 5082 Βίφ]
686 4999 767 5080 ἰσχύϊ.
783 5035 824 5049 -
840 5008 876 5065 Οί
917 5013 1038 5085 ἤγεῖσθαι
1051 5010 1096 5070 καί
1110 5010 1224 5088 νομίζειν
1237 5016 1283 5085 τῆς
1293 5035 1322 5070 τε
1334 5010 1400 5078 ίδίας
1408 5010 1514 5090 γνώμης
1526 5008 1693 5092 αὐτοκράτωρ

98 5082 159 5163 μέν]
180 5086 204 5143 οἵ
224 5083 354 5161 μιτιόντετ
367 5085 414 5146 οὐν
434 5086 494 5171 δίνη
513 5085 572 5155 τοὺς
588 5089 748 5161 ἀδικοῦντας.
763 5124 802 5136 -
815 5093 876 5177 Οὐχ
918 5085 983 5159 εἶναι
992 5095 1038 5160 καί
1047 5098 1218 5176 αὐτεξούσια,
1230 5099 1330 5175 καὶτῆς
1338 5099 1433 5184 τύχης,
1444 5091 1475 5173 ῆς
1485 5120 1553 5168 τινος
1564 5101 1612 5159 οὐκ
1620 5099 1696 5187 ἄρχω
1715 5109 1721 5117 ·
