3676 5828
181 326 237 381 tao
865 304 1100 367 THUGYDlDIS

179 447 257 528 μίδας
268 441 474 528 Ἀριστωνύμου,
484 438 635 504 Σικυωνίων
645 438 672 498 δέ
682 437 833 516 Δαμότιμος
841 433 965 516 Ναυκρά-
1008 443 1088 506 nymi,
1105 456 1134 493 ex
1152 442 1270 506 Sicyoniis
1285 443 1437 495 Damotimus
1447 445 1589 506 danmatio,
1600 445 1738 496 onesimus
1753 447 1801 496 iia·

178 559 249 603 τους,
274 530 417 610 Ὀναίσιμος
439 526 620 608 Μεγακλέους,
638 525 782 607 Μεγαρέων
801 523 828 582 δὲ
850 525 965 588 Νίκασυς
1008 531 1095 594 goelis,
1114 545 1144 580 ex
1161 530 1339 593 Megarensibus
1355 532 1458 582 iiioasua
1470 533 1564 594 cecali,
1579 536 1735 589 Menecrates
1747 540 1800 584 Am·

151 640 154 647 ·
179 620 314 692 Κεκάλου,
336 616 508 697 Μενεκράτης
531 612 708 694 Ἀμριδώρου,
735 611 911 692 Ἐπιδαυρίων
937 608 964 668 δὲ
1009 619 1800 684 pbidori,exEpidauriisampbiasEupaidae‚exAttieniensibus

178 707 289 790 Ἀμρίας
301 704 435 776 Eiresidai,
444 701 586 773 Ἀθηναίων
598 699 625 758 δὲ
635 704 658 758 oi
669 699 811 778 στρατηγοί
820 699 965 779 Νικόστρα-
1010 707 1163 770 imperatores
1171 708 1319 757 Nicostratus
1326 707 1466 770 Diitreplds,
1473 706 1554 756 itieias
1561 706 1681 767 Nicerati,
1688 708 1801 758 autocles

177 787 810 874 τοςΔιιτρέρους,ΝικίαςΝικηράτου,Αὐτοκλῆς
818 786 964 865 Τολμαίου.
1009 795 1192 845 Tolmmiiilius.
1225 794 1350 857 (3)Atque
1363 793 1510 858 bmquidem
1527 793 1632 844 inducia
1644 794 1720 844 iactoe
1730 800 1800 857 sunt,

179 886 209 962 (a)
225 883 259 942 ‘ll
277 881 324 960 μὲν
339 881 370 952 δὴ
389 878 519 959 ἐκεχειρία
533 877 599 946 κύτη
615 874 728 955 ἐγένετο,
740 875 785 933 καί
798 874 923 954 ξυνήεσαν
938 878 965 933 ἐν
1009 885 1034 931 et
1043 881 1158 944 quamdiu
1169 881 1299 944 durarunt,
1309 882 1438 932 veniebant
1448 886 1565 945 perpetuo
1575 882 1602 931 in
1611 881 1762 945 colloquium
1769 882 1801 933 de

178 974 245 1049 αὐτῇ
259 969 380 1051 περὶτῶν
394 967 517 1044 μειζόνων
530 965 646 1025 σπονδῶν
661 961 705 1020 brt
719 962 815 1055 παγτδς
827 966 852 1030 ἐς
862 961 963 1041 λόγους.
1009 968 1288 1031 majoribusiuederibus.

218 1060 307 1120 CXX.
328 1055 396 1136 Περὶ
411 1056 438 1114 δὲ
456 1053 502 1121 τάς
516 1053 615 1133 ἡμέρας
629 1050 727 1118 ταύτας
745 1056 785 1117 αῖς
804 1050 964 1131 ἐπήρχοντο,
1039 1060 1112 1108 cxli.
1130 1061 1176 1106 Per
1184 1056 1475 1120 bosautemdies,qsribus
1482 1056 1550 1106 alteri
1558 1055 1800 1119 adaltemsadrbant,

178 1145 283 1217 Σκιώνη
300 1147 327 1202 ἐν
345 1149 377 1215 τῆ
395 1142 520 1220 Πελλήνῃ
538 1141 613 1206 πολις
632 1126 734 1210 ἀπέστη
756 1140 802 1197 ἀπ’
824 1138 964 1210 Ἀθηναίων
1010 1147 1096 1198 Scione
1105 1144 1168 1208 apud
1181 1144 1290 1194 Pellenen
1302 1145 1388 1195 civitas
1397 1145 1429 1194 ab
1438 1144 1666 1195 Atlreniensibusad
1677 1146 1800 1196 &uidam

177 1257 199 1292 π
215 1233 243 1301 ὀς
257 1211 401 1315 Βρασίδαν.
443 1232 518 1292 Φασὶ
534 1229 560 1289 δέ
573 1233 596 1288 oi
608 1232 750 1288 Σιιωναῒοι
764 1229 902 1299 Πελληνής
917 1225 964 1305 μὲν
1009 1236 1103 1286 defecit.
1135 1237 1225 1287 Dicunt
1236 1242 1317 1302 autem
1329 1236 1628 1288 ScionmisePelleoenses
1636 1236 1801 1301 quidemesse

177 1257 244 1380 είύαι
258 1322 288 1379 ἐκ
301 1317 518 1390 Πελοποννήσου,
532 1315 660 1382 πλέοντας
674 1316 696 1374 δ’
712 1315 764 1373 aab
781 1314 878 1395 Τροίας
892 1318 963 1396 σρῶν
1008 1339 1039 1375 ex
1052 1326 1216 1389 Peloponneso
1228 1325 1356 1386 oriundos,
1367 1325 1410 1375 sed
1423 1339 1480 1374 suos
1491 1325 1609 1388 majores,
1618 1326 1801 1388 quomarmja

176 1407 237 1476 τοῦς
250 1407 370 1517 πρώτους
381 1410 569 1485 κατενεγθῆναι
582 1408 606 1471 ἐς
617 1403 647 1462 τδ
659 1402 755 1484 χωρίον
767 1409 843 1462 τοῦτο
857 1407 894 1483 τῷ
908 1425 965 1482 χει·
980 1462 982 1466 ,
1008 1414 1158 1475 navigarent,
1170 1418 1326 1476 tempestate,
1345 1427 1393 1475 qua
1409 1412 1494 1463 Achivi
1508 1413 1593 1476 jactati
1612 1418 1687 1475 sunt,
1705 1413 1731 1463 in
1745 1426 1802 1464 ιαιισ

178 1499 246 1573 μῶνι
266 1520 289 1578 ῳ
310 1493 457 1575 ἐχρήσαντο
478 1475 592 1572 stratui,
611 1491 657 1549 καί
676 1494 754 1549 αὐτοῦ
776 1493 889 1562 οἰκῆσαι.
932 1493 962 1567 (ν)
1008 1500 1549 1564 locumdelatosesse,ibiquesedesposuisse.
1582 1501 1803 1564 (tiQuumautetn

177 1582 320 1643 ’ἀποστᾶσι
330 1582 352 1640 δ’
365 1583 452 1648 αὐτοῖς
463 1584 477 1639 δ
487 1579 618 1663 Βρασίδας
631 1579 767 1638 διέπλευσε
777 1579 868 1645 νυκτδς
880 1581 905 1646 ἐς
916 1578 963 1650 τήν
1008 1588 1042 1638 illi
1063 1589 1220 1651 deiecissent,
1239 1589 1350 1640 Brasidas
1367 1593 1440 1639 noctu
1462 1588 1567 1640 seionen
1582 1589 1693 1651 trajecit,
1709 1589 1802 1641 strant

179 1669 309 1742 Σκιώνην,
328 1668 428 1750 τριήρει
444 1666 491 1746 μὲν
506 1667 580 1749 plia
598 1666 780 1749 προπλεούση,
795 1666 871 1733 αὐτὸς
890 1665 917 1725 δέ
937 1669 963 1724 ἐν
1008 1676 1104 1740 quidem
1113 1677 1804 1742 soclapraeeunte‚ipsererocelocevectuseminusmb·

176 1757 290 1840 κελητίῳ
305 1758 400 1816 ἄποθεν
415 1755 586 1838 ἐρεπόμενος,
599 1755 668 1822 ὅπως
683 1757 706 1814 εἰ
726 1753 773 1833 μέν
791 1777 842 1813 τινι
855 1761 901 1814 τοῦ
919 1754 964 1814 κέ·
1008 1778 1126 1828 sequeus,
1138 1771 1165 1815 ut
1177 1766 1197 1815 si
1209 1766 1270 1816 torte
1281 1766 1305 1814 in
1317 1764 1414 1828 aliquod
1425 1765 1547 1828 mvigium
1558 1765 1640 1815 celooe
1649 1764 1733 1826 maius
1744 1764 1802 1815 ind·

175 1847 254 1918 λητος
274 1844 371 1923 μείζονι
387 1844 472 1927 πλοίῳ
491 1843 690 1925 περιτυγχάνοι,
708 1847 725 1914 ἡ
744 1842 853 1925 τριήρης
869 1841 963 1921 ἀμύνοι
1007 1853 1088 1914 deret,
1101 1853 1206 1903 triremis
1217 1867 1288 1917 opem
1299 1853 1345 1916 ipsi
1358 1854 1443 1915 terret,
1457 1853 1479 1902 si
1490 1866 1549 1903 vem
1558 1853 1672 1916 aliapari
1684 1853 1803 1917 manlia·

177 1936 262 2015 αὐτῷ,
283 1933 427 1992 ἀντιπάλου
446 1931 474 1992 δέ
492 1932 574 2004 ἄλλης
591 1931 710 2015 τριήρους
731 1930 914 2010 ἐπιγενομένης
933 1935 963 1992 οὐ
1007 1941 1063 1991 diue
1074 1941 1179 1992 triremis
1190 1941 1342 2003 advenisset,
1353 1941 1507 2013 existimabat
1518 1940 1584 1990 illam
1600 1954 1650 1991 uon
1665 1945 1735 1993 roera
1745 1952 1802 1991 ven·

175 2021 240 2104 πρδς
253 2020 283 2080 τδ
297 2020 409 2080 ἔλασσον
423 2020 533 2098 νομίζων
547 2019 688 2101 τρέψεσθαι
701 2021 759 2078 ἀλλ’
774 2018 819 2078 ἐπί
829 2018 878 2091 τὴν
890 2027 963 2094 ναῦν,
1008 2032 1089 2078 turam
1100 2034 1181 2079 contra
1195 2029 1275 2080 minus
1286 2029 1423 2092 nauigium,
1435 2029 1479 2079 sed
1491 2033 1574 2079 contra
1585 2029 1727 2090 trirunem,
1736 2032 1762 2080 et
1776 2042 1804 2079 sa

175 2110 221 2168 καὶ
237 2111 263 2168 ἐν
277 2109 363 2190 τούτῳ
378 2108 456 2167 αὑτὸν
468 2105 615 2166 διασώσειν.
658 2110 690 2185 (a)
706 2101 963 2189 Περαιωθείςδέκαί
1007 2116 1097 2166 interea
1109 2117 1181 2166 saluti
1194 2130 1244 2166 sum
1259 2117 1437 2167 consulturum.
1476 2117 1510 2179 (3)
1521 2120 1603 2175 Quum
1614 2120 1700 2167 autern
1715 2121 1803 2167 eoba

176 2197 297 2276 ξύλλογον
316 2197 429 2269 ποιήσας
446 2200 498 2255 τῶν
519 2196 673 2257 Σκιωναίων
694 2196 780 2275 ἔλεγεν
802 2195 819 2254 θ’
837 2221 866 2255 τε
877 2199 911 2256 ’ἐν
924 2203 961 2279 τῇ
1005 2205 1115 2266 jecisset,
1127 2206 1290 2255 Scionmorum
1302 2206 1416 2255 concione
1427 2204 1543 2255 advocata
1553 2204 1618 2254 dixit
1628 2204 1733 2269 eadem,
1747 2218 1804 2270 qu:

176 2285 293 2367 Ἂκαίνθῳ
304 2284 350 2344 καί
361 2283 486 2366 Τορώνῃ,
501 2284 546 2342 καὶ
563 2283 671 2364 προσέτι
683 2283 790 2365 ροίσκων
806 2284 963 2353 ἀξιωταίτους
1007 2299 1032 2343 et
1048 2294 1150 2344 Acantlri
1162 2299 1187 2344 ct
1199 2298 1312 2354 Toronae,
1324 2299 1348 2344 et
1359 2294 1463 2344 addebat
1474 2297 1603 2357 praterea,
1613 2294 1683 2357 ipsos
1697 2294 1804 2344 anesim

176 2375 269 2442 αὐτοὺς
293 2365 359 2432 εἶναι
382 2372 505 2444 ἐπαίνου,
532 2369 623 2439 οἵτινες
644 2377 691 2443 τῆς
718 2371 856 2442 Πελλήνης
880 2375 962 2455 ἐντῷ
1007 2381 1174 2444 laudedignos
1190 2383 1312 2445 csse,‹pui
1328 2395 1404 2446 quum
1424 2382 1521 2432 Pellene
1535 2382 1666 2432 inistbmo
1681 2382 1715 2432 ab
1731 2384 1804 2434 Albe·

176 2464 262 2542 ἰσθμῷ
285 2459 485 2538 ἀπειλημμένης
506 2460 556 2519 ὑπὸ
580 2464 632 2519 τῶν
653 2459 794 2530 Ἀθηναίων
818 2460 961 2519 Ποτίδαιαν
1006 2469 1130 2518 aiensibus
1150 2470 1282 2519 Potidmarn
1301 2470 1439 2521 tenentibus
1458 2470 1489 2519 sit
1507 2470 1653 2533 intercepta,
1677 2484 1804 2535 quumque

177 2548 300 2629 ἐχόντων,
316 2550 361 2608 καὶ
377 2549 448 2615 ὄντες
462 2548 535 2606 οὐδὲν
551 2547 648 2619 diist,
666 2552 807 2619 νησιῶται,
827 2550 961 2628 αὐτεπάγ-
1006 2557 1065 2605 nibil
1076 2557 1142 2607 aliud
1153 2558 1214 2618 sint,
1225 2571 1298 2620 quam
1310 2557 1429 2619 insulani,
1439 2563 1519 2609 umen
1532 2570 1576 2607 sua
1590 2562 1679 2621 sponte
1690 2558 1724 2607 ad
1733 2558 1803 2609 liber·

174 2639 263 2716 γελτοι
274 2636 412 2719 ἐχώρησαν
424 2636 487 2717 πρὸς
498 2638 545 2707 τήν
557 2636 703 2717 ἐλευθερίαν
713 2635 759 2694 καί
770 2639 816 2694 οὐκ
824 2635 962 2714 ἀνέμειναν
1006 2649 1081 2696 tatem
1096 2646 1247 2707 transierint,
1257 2660 1335 2709 neque
1344 2660 1387 2710 per
1398 2646 1519 2708 ignaviam
1529 2647 1711 2710 exspectas-int,
1720 2651 1748 2697 ut
1755 2646 1804 2697 sibi

175 2724 289 2804 ἀτολμίᾳ
302 2722 418 2799 ἀναίγκην
434 2722 506 2805 σρίσι
518 2726 708 2805 προσγενέσθαι
722 2724 836 2804 περὶτοῦ
847 2731 962 2806 ρανερῶς
1007 2735 1138 2784 necessitas
1145 2734 1314 2784 admoveretur
1325 2735 1350 2783 in
1361 2734 1489 2785 manifesto
1498 2734 1715 2785 domesticobono
1748 2739 1802 2787 lloc

175 2811 269 2870 οἰκείου
282 2814 395 2888 ἀγαθοῦ·
409 2810 518 2888 σημεῖόν
532 2813 556 2870 τ’
568 2803 635 2870 εἶναι
648 2817 693 2871 τοῦ
702 2811 746 2870 καί
759 2811 824 2871 ἄλλο
833 2837 859 2871 τι
871 2812 903 2872 ἂν
918 2817 962 2873 ad·
1006 2827 1086 2872 autem
1094 2827 1234 2884 argumento
1244 2836 1311 2884 esse,
1322 2823 1388 2887 ipsos
1397 2823 1437 2873 vel
1446 2822 1477 2872 ad
1486 2822 1591 2886 quodvis
1600 2822 1667 2873 aliud
1677 2837 1804 2874 summum

174 2898 235 2966 τοὺς
252 2904 304 2957 τῶν
324 2898 454 2978 μεγίστων
473 2900 596 2981 ἀνδρείως
616 2904 772 2978 ὑπομεῖναι,
788 2903 811 2958 εἰ
825 2902 963 2973 τεθήσεται
1007 2909 1135 2960 discrimen
1147 2910 1239 2961 sortiter
1250 2911 1403 2961 subeundum
1416 2916 1513 2975 paratos
1525 2911 1590 2973 iore,
1600 2912 1622 2961 si
1632 2925 1675 2962 ras
1686 2914 1803 2963 exanimi

173 2985 243 3046 κατά
255 2993 314 3046 νοῦν
330 2986 364 3046 cir
381 2986 541 3068 πράγματα·
560 2988 732 3055 πιστοτάτους
749 3011 778 3046 τε
796 2994 830 3070 τῇ
852 2991 962 3067 ἀληθείᾳ
1007 3000 1126 3049 sententia
1139 2999 1329 3060 constituentem
1341 3013 1370 3049 ac
1381 3013 1473 3050 revera
1484 3013 1511 3049 se
1521 2998 1678 3051 fidelissimos
1691 3000 1803 3051 laceda-

173 3074 318 3153 ἡγήσεσθαι
341 3074 436 3143 αὐτοὺς
458 3075 674 3155 Λακεδαιμονίων
700 3076 789 3162 φίλους
810 3077 855 3135 καί
876 3072 962 3137 τάλλα
1006 3088 1144 3136 munierum
1156 3087 1246 3138 amicus
1257 3087 1312 3137 illos
1324 3087 1520 3138 existimaturum
1533 3100 1588 3139 esse
1603 3088 1698 3138 etaliis
1709 3088 1803 3139 bonori-

172 3163 304 3241 τιμήσειν.
1006 3174 1214 3225 bussilecturum.

213 3253 315 3312 CXXl.
339 3250 393 3311 Καί
406 3253 435 3311 foi
454 3250 502 3329 μὲν
524 3254 665 3312 Σκιωναῖοι
686 3253 837 3334 ἐπήρθησάν
856 3279 884 3313 τε
909 3259 963 3323 τοῖς
1037 3266 1123 3312 cxlii.
1134 3263 1238 3313 scionaei
1250 3262 1802 3329 autembisverbiselatisuntonrrresuuepa⁴

172 3336 271 3417 λύγοις,
286 3338 332 3397 καί
346 3339 524 3419 θαρσήσαντες
542 3340 639 3408 πάντες
656 3342 765 3419 ὁμοίως,
783 3341 828 3401 καί
843 3333 879 3410 οἷς
896 3343 961 3422 πρό·
1005 3354 1159 3405 riteranimis
1166 3356 1310 3416 confirmati,
1318 3356 1358 3407 vel
1365 3356 1399 3405 illi
1407 3356 1496 3419 quibus
1503 3357 1803 3421 anteresffluaegtrabu·

172 3449 246 3506 τερον
261 3425 298 3502 μὴ
319 3426 415 3507 ἤρεσκε
428 3426 462 3485 τά
476 3428 664 3510 πρασσόμενα,
680 3428 724 3488 τόν
739 3455 768 3489 τε
782 3431 897 3509 πολεμον
910 3433 962 3490 διε·
1006 3449 1053 3509 tur,
1065 3446 1163 3495 minime
1177 3447 1315 3512 placebant,
1326 3453 1351 3499 et
1363 3449 1452 3499 beilum
1464 3449 1574 3500 alacriter
1590 3450 1654 3500 ierne
1666 3450 1801 3501 constitue·

172 3519 277 3574 νοοῦντο
289 3513 429 3595 προθύμως
443 3515 522 3574 οἴσειν
537 3516 583 3574 καί
596 3517 641 3575 τδν
659 3519 793 3597 Βρασίδαν
810 3519 843 3577 τά
854 3521 877 3578 τ’
892 3520 960 3578 ἄλλα
1005 3542 1075 3598 runt,
1088 3542 1112 3588 et
1125 3539 1334 3605 Brasidamquum
1345 3541 1398 3591 aljis
1409 3542 1481 3593 rebus
1493 3542 1800 3609 hommem,

172 3605 259 3669 καλῶς
273 3601 392 3670 ἐδέξαντο
406 3603 451 3662 καί
467 3605 583 3684 δημοσίᾳ
599 3603 646 3683 μὲν
660 3611 751 3686 χρυσῷ
766 3607 886 3689 στεράνῳ
898 3607 960 3667 ἀνί·
1005 3633 1057 3678 turo
1074 3631 1147 3680 etiam
1164 3632 1260 3694 publice
1272 3633 1370 3696 quidem
1385 3648 1458 3684 aurea
1473 3647 1562 3684 corona
1578 3634 1753 3700 redimerunt,
1772 3642 1801 3689 nt

172 3690 255 3762 δησαν
269 3693 304 3756 ὡς
315 3691 499 3770 ἐλευθεροῦντα
513 3691 560 3763 τήν
576 3693 710 3767 Ἑλλάδα,
726 3695 779 3775 ἰδίῳ
791 3696 818 3753 δέ
833 3696 960 3756 ἐταινίουν
1004 3721 1104 3770 emp„
1116 3722 1285 3785 liberatorem,
1298 3725 1411 3787 privatim
1428 3738 1486 3774 ,ew
1501 3725 1582 3774 wopis
1597 3727 1764 3791 mmm,
1774 3732 1800 3779 α

172 3800 201 3835 οο
220 3776 266 3835 καί
281 3778 464 3858 προσήρχοντο
480 3777 569 3861 ὥοπερ
591 3783 700 3862 ἀθλητῇ
743 3784 773 3860 (ο)
791 3782 826 3843 Ὁ
840 3782 867 3842 δὲ
884 3783 915 3842 τό
932 3809 960 3844 τε
1003 3809 1126 3872 adipsum
1144 3812 1215 3861 utad
1234 3814 1349 3862 athletam
1365 3815 1481 3864 rictorem
1499 3814 1657 3865 accedebant.
1704 3818 1739 3881 (2)
1755 3817 1801 3868 lile

171 3863 321 3945 παραυτίκα
345 3865 464 3946 φυλακήν
488 3891 547 3925 τινα
571 3871 658 3937 αὐτοῖς
679 3870 864 3947 ἐγκαταλιπὼν
885 3871 958 3945 διέῦη
1003 3913 1061 3949 vem
1077 3902 1203 3951 confestim
1220 3907 1245 3952 ,γ
1260 3903 1284 3951 j„
1296 3904 1410 3966 praegpnp
1422 3904 1535 3967 pmpdjo
1551 3905 1634 3969 ,liquo
1649 3907 1718 3971 „pud
1733 3908 1798 3973 W

171 3951 261 4025 πάλιν,
275 3951 321 4011 καὶ
334 3951 440 4035 ὕστερον
450 3956 479 4012 ού
494 3958 585 4036 πολλῷ
598 3956 723 4038 στρατιδιν
735 3959 819 4018 πλείω
831 3960 960 4041 ἐπεραίω-
1003 3986 1085 4036 repeto
1097 3993 1160 4038 ,epm
1176 3989 1248 4050 abiit,
1261 4004 1305 4039 ηρ,
1322 3991 1397 4040 muno
1413 3994 1468 4054 Imp
1484 3991 1620 4042 exemptum
1635 3993 1754 4056 mim
1767 4006 1797 4045 ω

172 4061 225 4112 aas,
251 4039 407 4120 βουλόμενοι
429 4042 486 4119 μετ’
505 4045 591 4102 αὐτῶν
610 4050 657 4117 οῦς
675 4070 703 4103 τε
724 4046 828 4118 Μένδης
848 4048 894 4106 καί
914 4055 960 4121 τῆς
1003 4072 1297 4135 transmarinorum
1309 4076 1544 4127 errroriaaeamcum
1556 4077 1586 4127 ns
1599 4080 1794 4143 temptamento

171 4127 316 4196 Ποτῑδοῖος
330 4131 522 4210 ἇποποῑρᾶοοῑ,
532 4132 675 4211 ἡγούμενος
686 4133 731 4193 καί
741 4133 799 4201 τοὺς
811 4135 959 4208 Ἀθηναίους
1003 4156 1059 4218 bat,
1070 4159 1211 4210 existimans
1221 4165 1247 4210 et
1256 4162 1413 4213 athenienses
1420 4163 1449 4213 ad
1460 4176 1531 4226 opem
1540 4164 1602 4227 ipsis
1609 4165 1735 4216 brendam
1743 4178 1796 4216 ren·

173 4218 301 4294 βοηθῆσαι
315 4241 347 4275 αν
362 4240 397 4283 ωε
411 4240 437 4284 ει
450 4241 538 4291 νησον,
552 4220 597 4279 καί
614 4221 769 4300 βουλόμενοι
783 4223 896 4304 φθάσαι·
911 4226 959 4284 καί
1003 4249 1085 4307 ruros,
1098 4247 1186 4310 quippe
1196 4249 1261 4310 quaa
1274 4249 1376 4298 insolam
1389 4251 1535 4312 incolerent,
1545 4264 1637 4315 eosque
1646 4256 1794 4304 επιειαιειι

170 4304 281 4407 οῑΙοῦῖῷ
294 4303 340 4362 καί
351 4303 497 4383 ἐπροῖοοέτο
511 4309 537 4374 ἔς
550 4306 597 4374 τὰς
608 4308 697 4377 πόλεις
707 4309 806 4378 τούτοις
819 4313 959 4391 προδοσίας
1003 4332 1117 4394 cupiens;
1129 4339 1202 4395 atoue
1214 4335 1286 4384 etiam
1298 4336 1426 4385 nonnullos
1436 4337 1460 4385 in
1468 4336 1511 4385 iiis
1520 4337 1664 4389 civitatibus
1675 4340 1707 4390 ad
1719 4338 1794 4405 prodi

170 4411 238 4470 περι.
256 4390 309 4450 Καὶ
324 4395 338 4450 ὁ
355 4389 402 4470 μὲν
417 4390 525 4470 ἔμελλεν
540 4397 701 4478 ἐγχειρήσειν
714 4400 771 4467 ταῖς
784 4400 876 4461 πόλεσι
891 4401 956 4461 ταύ-
1003 4418 1091 4467 tionem
1104 4419 1245 4470 solicitabat.
1278 4427 1356 4485 Atque
1366 4422 1408 4472 ille
1418 4422 1516 4486 quidem
1527 4423 1792 4491 bascivitatesafflas·

170 4499 240 4548 cerr,
1003 4519 1075 4554 sirrus
1087 4510 1152 4568 erat;

210 4567 328 4626 CXXII.
350 4567 377 4624 ἐν
393 4565 478 4649 τούτῳ
490 4568 517 4627 δὲ
534 4569 633 4652 τριήρει
648 4572 671 4631 oi
688 4571 736 4644 τήν
753 4576 898 4657 ἐκεχειρίαν
909 4602 959 4637 πε·
1034 4595 1131 4642 cxxii.
1150 4592 1193 4642 sed
1205 4593 1294 4645 interea
1305 4606 1362 4645 curn
1374 4598 1466 4648 tririme
1478 4597 1785 4660 ii,quicircumenntnb1

171 4650 367 4730 ριαγγέλλοντες
385 4657 552 4735 ἀρικνοῦνται
566 4659 630 4739 παρ’
644 4662 732 4733 αὐτόν,
749 4661 890 4733 Ἀθηναίων
910 4665 957 4742 μὲν
1002 4680 1086 4729 θυσίαι
1103 4683 1289 4744 renunciabant,
1306 4684 1338 4733 ad
1353 4698 1409 4735 eum
1423 4685 1537 4748 veniunt,
1555 4700 1587 4737 ex
1607 4688 1791 4741 Atheniensibus

170 4736 634 4821 Ἇρῑοτώνομος,Λοκῑδοῑμονίοννδὲ
648 4746 787 4818 Ἀθήναιος.
833 4753 955 4827 (afflasti
1002 4769 1228 4832 aristonymus,ex
1237 4772 1425 4824 Lacedaemoniis
1436 4774 1576 4825 Athenaeus.
1596 4776 1632 4839 (2)
1642 4782 1790 4841 diocaeses·-

171 4824 219 4902 pto
232 4826 343 4908 οτροῐτιᾶι
352 4829 432 4888 πέδον
446 4831 519 4904 δνὲὅη
533 4834 558 4899 ἔς
569 4831 705 4914 Τορώνην,
716 4841 741 4894 οἱ
751 4836 778 4895 δὲ
789 4843 827 4919 τῷ
838 4841 956 4921 Βρασίδᾳ
1001 4857 1065 4906 citus
1082 4858 1179 4919 quidem
1191 4862 1310 4909 Toronam
1325 4861 1438 4921 revertit,
1452 4862 1523 4925 legati
1534 4873 1592 4912 vero
1603 4870 1725 4916 mareota
1739 4868 1789 4917 lira·

171 4913 330 4993 ἀνήγγελλον
344 4916 392 4989 τήν
409 4917 546 4994 ξυνθήκην,
564 4922 609 4979 καί
624 4922 742 4990 ἐδέξαντο
759 4925 854 4994 πάντες
872 4931 895 4987 ol
913 4930 956 4989 ἐπὶ
1002 4944 1061 4993 sidae
1071 4947 1256 5008 renunciabant,
1266 4952 1291 4997 et
1301 4949 1406 4998 universi
1416 4950 1656 5003 lacedemoniorum
1666 4954 1740 5017 socii,
1750 4951 1788 5018 qui

169 5001 282 5084 Θρᾴκης
292 5003 425 5085 ξύμμαχοι
439 5009 655 5085 Λακεδαιμονίων
669 5010 702 5069 τδι
714 5015 897 5093 πεπραγμένα.
921 5020 954 5096 (a)
1001 5032 1026 5081 ιιι
1034 5032 1136 5082 Thracia
1146 5039 1222 5096 erant,
1231 5049 1269 5085 res
1278 5040 1344 5085 actas
1351 5037 1545 5100 comprobamnt.
1579 5038 1615 5102 (³)
1624 5040 1787 5105 Aristonymus

169 5088 359 5172 Ἀριστώνυμος
368 5095 395 5153 δὲ
404 5099 457 5163 τοῖς
468 5095 516 5174 μὲν
527 5097 614 5165 ἄλλοις
624 5099 918 5180 κατήνει,Σκιωναίους
928 5107 955 5165 δὲ
1004 5126 1086 5171 aurem
1100 5122 1291 5186 accusantem
1301 5125 1785 5195 mentiebatur,sadscionaos,qoosu
